{
  "metadata": {
    "symbol": "AVAAI",
    "channel": "match",
    "start_time": "10:59:30.0000",
    "release_time": "11:00:00.0000",
    "end_time": "11:20:00.0000",
    "total_messages": 176,
    "final_snapshot": {
      "time": "11:19:58.4640",
      "symbol": "AVAAI-USDT",
      "price_high": "0.05298",
      "price_last": "0.0476",
      "price_low": "0.038",
      "price_avg": null,
      "volValue_USDT": "7888.965646"
    }
  },
  "data": [
    {
      "price": "0.038",
      "sequence": "6012700563355649",
      "side": "sell",
      "size": "10",
      "symbol": "AVAAI-USDT",
      "time": "1733396400000000000",
      "tradeId": "6012700563355649",
      "type": "match",
      "time_received": "11:00:00.1164"
    },
    {
      "makerOrderId": "675187b5e7750000077d0f46",
      "price": "0.05298",
      "sequence": "6012703213107201",
      "side": "buy",
      "size": "2025.3",
      "symbol": "AVAAI-USDT",
      "takerOrderId": "675187b5fe36bf0007894351",
      "time": "1733396405945000000",
      "tradeId": "6012703213107201",
      "type": "match",
      "time_received": "11:00:05.9974"
    },
    {
      "makerOrderId": "675187b5e7750000077d0f46",
      "price": "0.05298",
      "sequence": "6012703447332865",
      "side": "buy",
      "size": "51.3",
      "symbol": "AVAAI-USDT",
      "takerOrderId": "675187b6f517900007403686",
      "time": "1733396406570000000",
      "tradeId": "6012703447332865",
      "type": "match",
      "time_received": "11:00:06.6220"
    },
    {
      "makerOrderId": "675187b5e7750000077d0f46",
      "price": "0.05298",
      "sequence": "6012703449561089",
      "side": "buy",
      "size": "3394.2",
      "symbol": "AVAAI-USDT",
      "takerOrderId": "675187b67cf7ff000706ce26",
      "time": "1733396406577000000",
      "tradeId": "6012703449561089",
      "type": "match",
      "time_received": "11:00:06.6301"
    },
    {
      "makerOrderId": "675187b5e7750000077d0f46",
      "price": "0.05298",
      "sequence": "6012703503562753",
      "side": "buy",
      "size": "330.3",
      "symbol": "AVAAI-USDT",
      "takerOrderId": "675187b6fd061e0007044fe9",
      "time": "1733396406709000000",
      "tradeId": "6012703503562753",
      "type": "match",
      "time_received": "11:00:06.7614"
    },
    {
      "makerOrderId": "675187b5e7750000077d0f46",
      "price": "0.05298",
      "sequence": "6012703845922817",
      "side": "buy",
      "size": "178.1",
      "symbol": "AVAAI-USDT",
      "takerOrderId": "675187b71ed0d800075a42bf",
      "time": "1733396407628000000",
      "tradeId": "6012703845922817",
      "type": "match",
      "time_received": "11:00:07.6823"
    },
    {
      "makerOrderId": "675187b5e7750000077d0f46",
      "price": "0.05298",
      "sequence": "6012703857195009",
      "side": "buy",
      "size": "2642.9",
      "symbol": "AVAAI-USDT",
      "takerOrderId": "675187b7b1d2ab0007ef4e94",
      "time": "1733396407650000000",
      "tradeId": "6012703857195009",
      "type": "match",
      "time_received": "11:00:07.6980"
    },
    {
      "makerOrderId": "675187b5e7750000077d0f46",
      "price": "0.05298",
      "sequence": "6012704080410625",
      "side": "buy",
      "size": "31.5",
      "symbol": "AVAAI-USDT",
      "takerOrderId": "675187b8ff2a9e0007773f4b",
      "time": "1733396408196000000",
      "tradeId": "6012704080410625",
      "type": "match",
      "time_received": "11:00:08.2482"
    },
    {
      "makerOrderId": "675187b5e7750000077d0f46",
      "price": "0.05298",
      "sequence": "6012704306903041",
      "side": "buy",
      "size": "10.7",
      "symbol": "AVAAI-USDT",
      "takerOrderId": "675187b8fd061e0007046102",
      "time": "1733396408760000000",
      "tradeId": "6012704306903041",
      "type": "match",
      "time_received": "11:00:08.8057"
    },
    {
      "makerOrderId": "675187bcfd061e0007047da7",
      "price": "0.052",
      "sequence": "6012705747646465",
      "side": "buy",
      "size": "943.7",
      "symbol": "AVAAI-USDT",
      "takerOrderId": "675187bd41bdfd000703c6d9",
      "time": "1733396413040000000",
      "tradeId": "6012705747646465",
      "type": "match",
      "time_received": "11:00:13.0903"
    },
    {
      "makerOrderId": "675187b7aef36e00070de96e",
      "price": "0.05071",
      "sequence": "6012705912928257",
      "side": "sell",
      "size": "125.4",
      "symbol": "AVAAI-USDT",
      "takerOrderId": "675187bdecb8b2000712de38",
      "time": "1733396413396000000",
      "tradeId": "6012705912928257",
      "type": "match",
      "time_received": "11:00:13.4447"
    },
    {
      "makerOrderId": "675187b03ecf430007c75d89",
      "price": "0.0507",
      "sequence": "6012705912928260",
      "side": "sell",
      "size": "1500",
      "symbol": "AVAAI-USDT",
      "takerOrderId": "675187bdecb8b2000712de38",
      "time": "1733396413396000000",
      "tradeId": "6012705912928260",
      "type": "match",
      "time_received": "11:00:13.4448"
    },
    {
      "makerOrderId": "675187b3b1d2ab0007ef32e3",
      "price": "0.0507",
      "sequence": "6012705912928263",
      "side": "sell",
      "size": "5904.9",
      "symbol": "AVAAI-USDT",
      "takerOrderId": "675187bdecb8b2000712de38",
      "time": "1733396413396000000",
      "tradeId": "6012705912928263",
      "type": "match",
      "time_received": "11:00:13.4450"
    },
    {
      "makerOrderId": "675187bd7cf7ff000706fe04",
      "price": "0.05001",
      "sequence": "6012705913190401",
      "side": "sell",
      "size": "972.9",
      "symbol": "AVAAI-USDT",
      "takerOrderId": "675187bd3ecf430007c7c29a",
      "time": "1733396413397000000",
      "tradeId": "6012705913190401",
      "type": "match",
      "time_received": "11:00:13.4450"
    },
    {
      "makerOrderId": "675187bd3ecf430007c7c0fa",
      "price": "0.05001",
      "sequence": "6012705913190404",
      "side": "sell",
      "size": "972.9",
      "symbol": "AVAAI-USDT",
      "takerOrderId": "675187bd3ecf430007c7c29a",
      "time": "1733396413397000000",
      "tradeId": "6012705913190404",
      "type": "match",
      "time_received": "11:00:13.4452"
    },
    {
      "makerOrderId": "675187bde7750000077d457b",
      "price": "0.05001",
      "sequence": "6012705913190407",
      "side": "sell",
      "size": "972.9",
      "symbol": "AVAAI-USDT",
      "takerOrderId": "675187bd3ecf430007c7c29a",
      "time": "1733396413397000000",
      "tradeId": "6012705913190407",
      "type": "match",
      "time_received": "11:00:13.4452"
    },
    {
      "makerOrderId": "675187b01e1c9e0007b650ae",
      "price": "0.05",
      "sequence": "6012705913190410",
      "side": "sell",
      "size": "2000",
      "symbol": "AVAAI-USDT",
      "takerOrderId": "675187bd3ecf430007c7c29a",
      "time": "1733396413397000000",
      "tradeId": "6012705913190410",
      "type": "match",
      "time_received": "11:00:13.4453"
    },
    {
      "makerOrderId": "675187b07cf7ff0007069b0c",
      "price": "0.0499",
      "sequence": "6012705913190413",
      "side": "sell",
      "size": "30",
      "symbol": "AVAAI-USDT",
      "takerOrderId": "675187bd3ecf430007c7c29a",
      "time": "1733396413397000000",
      "tradeId": "6012705913190413",
      "type": "match",
      "time_received": "11:00:13.4453"
    },
    {
      "makerOrderId": "675187befe36bf00078986e4",
      "price": "0.05199",
      "sequence": "6012706511665153",
      "side": "buy",
      "size": "124.8",
      "symbol": "AVAAI-USDT",
      "takerOrderId": "675187bf3bb37e0007dafe8e",
      "time": "1733396415104000000",
      "tradeId": "6012706511665153",
      "type": "match",
      "time_received": "11:00:15.1565"
    },
    {
      "makerOrderId": "675187bf7cf7ff0007071388",
      "price": "0.04979",
      "sequence": "6012707265853441",
      "side": "buy",
      "size": "4967.5",
      "symbol": "AVAAI-USDT",
      "takerOrderId": "675187c1a398ab0007fbd752",
      "time": "1733396417504000000",
      "tradeId": "6012707265853441",
      "type": "match",
      "time_received": "11:00:17.5542"
    },
    {
      "makerOrderId": "675187c9a398ab0007fc0a52",
      "price": "0.04902",
      "sequence": "6012710137903105",
      "side": "sell",
      "size": "39.5",
      "symbol": "AVAAI-USDT",
      "takerOrderId": "675187c9b1d2ab0007efcab8",
      "time": "1733396425277000000",
      "tradeId": "6012710137903105",
      "type": "match",
      "time_received": "11:00:25.3297"
    },
    {
      "makerOrderId": "675187c9f51790000740b95a",
      "price": "0.04902",
      "sequence": "6012710137903108",
      "side": "sell",
      "size": "39.5",
      "symbol": "AVAAI-USDT",
      "takerOrderId": "675187c9b1d2ab0007efcab8",
      "time": "1733396425277000000",
      "tradeId": "6012710137903108",
      "type": "match",
      "time_received": "11:00:25.3298"
    },
    {
      "makerOrderId": "675187c77cf7ff0007074854",
      "price": "0.04901",
      "sequence": "6012710137903111",
      "side": "sell",
      "size": "164.3",
      "symbol": "AVAAI-USDT",
      "takerOrderId": "675187c9b1d2ab0007efcab8",
      "time": "1733396425277000000",
      "tradeId": "6012710137903111",
      "type": "match",
      "time_received": "11:00:25.3298"
    },
    {
      "makerOrderId": "675187c9b1d2ab0007efcab8",
      "price": "0.04901",
      "sequence": "6012710458767361",
      "side": "buy",
      "size": "1238.9",
      "symbol": "AVAAI-USDT",
      "takerOrderId": "675187cae7750000077d9d52",
      "time": "1733396426060000000",
      "tradeId": "6012710458767361",
      "type": "match",
      "time_received": "11:00:26.1059"
    },
    {
      "makerOrderId": "675187c941bdfd0007041d43",
      "price": "0.04975",
      "sequence": "6012710458767364",
      "side": "buy",
      "size": "361.1",
      "symbol": "AVAAI-USDT",
      "takerOrderId": "675187cae7750000077d9d52",
      "time": "1733396426060000000",
      "tradeId": "6012710458767364",
      "type": "match",
      "time_received": "11:00:26.1121"
    },
    {
      "makerOrderId": "675187cc3bb37e0007db5c37",
      "price": "0.04972",
      "sequence": "6012711452162049",
      "side": "buy",
      "size": "18",
      "symbol": "AVAAI-USDT",
      "takerOrderId": "675187ccfe36bf000789e624",
      "time": "1733396428824000000",
      "tradeId": "6012711452162049",
      "type": "match",
      "time_received": "11:00:28.8796"
    },
    {
      "makerOrderId": "675187ce8338b90007a97800",
      "price": "0.04969",
      "sequence": "6012712469280769",
      "side": "buy",
      "size": "633.3",
      "symbol": "AVAAI-USDT",
      "takerOrderId": "675187cf3ecf430007c842cf",
      "time": "1733396431361000000",
      "tradeId": "6012712469280769",
      "type": "match",
      "time_received": "11:00:31.4136"
    },
    {
      "makerOrderId": "675187cee7750000077dc057",
      "price": "0.04969",
      "sequence": "6012712469280772",
      "side": "buy",
      "size": "1009.2",
      "symbol": "AVAAI-USDT",
      "takerOrderId": "675187cf3ecf430007c842cf",
      "time": "1733396431361000000",
      "tradeId": "6012712469280772",
      "type": "match",
      "time_received": "11:00:31.4137"
    },
    {
      "makerOrderId": "675187cf1ed0d800075aedc4",
      "price": "0.04974",
      "sequence": "6012712551462913",
      "side": "buy",
      "size": "151.3",
      "symbol": "AVAAI-USDT",
      "takerOrderId": "675187cfaef36e00070e91d8",
      "time": "1733396431594000000",
      "tradeId": "6012712551462913",
      "type": "match",
      "time_received": "11:00:31.6473"
    },
    {
      "makerOrderId": "675187cf1ed0d800075aedc4",
      "price": "0.04974",
      "sequence": "6012712808232961",
      "side": "buy",
      "size": "52.4",
      "symbol": "AVAAI-USDT",
      "takerOrderId": "675187d0f51790000740ee9e",
      "time": "1733396432299000000",
      "tradeId": "6012712808232961",
      "type": "match",
      "time_received": "11:00:32.3467"
    },
    {
      "makerOrderId": "675187cf1ed0d800075aedc4",
      "price": "0.04974",
      "sequence": "6012713125689345",
      "side": "buy",
      "size": "230.1",
      "symbol": "AVAAI-USDT",
      "takerOrderId": "675187d1ff2a9e000777f0b3",
      "time": "1733396433211000000",
      "tradeId": "6012713125689345",
      "type": "match",
      "time_received": "11:00:33.2627"
    },
    {
      "makerOrderId": "675187d2b1d2ab0007f01073",
      "price": "0.04969",
      "sequence": "6012714723063809",
      "side": "buy",
      "size": "578.6",
      "symbol": "AVAAI-USDT",
      "takerOrderId": "675187d5f517900007410ed1",
      "time": "1733396437816000000",
      "tradeId": "6012714723063809",
      "type": "match",
      "time_received": "11:00:37.8710"
    },
    {
      "makerOrderId": "675187d2fe36bf00078a0fa7",
      "price": "0.0497",
      "sequence": "6012714723063812",
      "side": "buy",
      "size": "6969.7",
      "symbol": "AVAAI-USDT",
      "takerOrderId": "675187d5f517900007410ed1",
      "time": "1733396437816000000",
      "tradeId": "6012714723063812",
      "type": "match",
      "time_received": "11:00:37.8711"
    },
    {
      "makerOrderId": "675187d2fe36bf00078a0fa7",
      "price": "0.0497",
      "sequence": "6012714862393345",
      "side": "buy",
      "size": "1224.6",
      "symbol": "AVAAI-USDT",
      "takerOrderId": "675187d6716ab30007566312",
      "time": "1733396438121000000",
      "tradeId": "6012714862393345",
      "type": "match",
      "time_received": "11:00:38.1741"
    },
    {
      "makerOrderId": "675187d2fe36bf00078a0fa7",
      "price": "0.0497",
      "sequence": "6012715221923841",
      "side": "buy",
      "size": "198.7",
      "symbol": "AVAAI-USDT",
      "takerOrderId": "675187d7e7750000077df428",
      "time": "1733396439044000000",
      "tradeId": "6012715221923841",
      "type": "match",
      "time_received": "11:00:39.0919"
    },
    {
      "makerOrderId": "675187d2fe36bf00078a0fa7",
      "price": "0.0497",
      "sequence": "6012715311314945",
      "side": "buy",
      "size": "196.7",
      "symbol": "AVAAI-USDT",
      "takerOrderId": "675187d7aef36e00070ec121",
      "time": "1733396439336000000",
      "tradeId": "6012715311314945",
      "type": "match",
      "time_received": "11:00:39.3900"
    },
    {
      "makerOrderId": "675187d2fe36bf00078a0fa7",
      "price": "0.0497",
      "sequence": "6012715371739137",
      "side": "buy",
      "size": "195.2",
      "symbol": "AVAAI-USDT",
      "takerOrderId": "675187d71ed0d800075b1d24",
      "time": "1733396439518000000",
      "tradeId": "6012715371739137",
      "type": "match",
      "time_received": "11:00:39.5677"
    },
    {
      "makerOrderId": "675187d2fe36bf00078a0fa7",
      "price": "0.0497",
      "sequence": "6012716712081409",
      "side": "buy",
      "size": "32.6",
      "symbol": "AVAAI-USDT",
      "takerOrderId": "675187dbfe36bf00078a461a",
      "time": "1733396443133000000",
      "tradeId": "6012716712081409",
      "type": "match",
      "time_received": "11:00:43.1851"
    },
    {
      "makerOrderId": "675187d2fe36bf00078a0fa7",
      "price": "0.0497",
      "sequence": "6012717064796161",
      "side": "buy",
      "size": "4832.7",
      "symbol": "AVAAI-USDT",
      "takerOrderId": "675187db1ed0d800075b3cca",
      "time": "1733396444002000000",
      "tradeId": "6012717064796161",
      "type": "match",
      "time_received": "11:00:44.0544"
    },
    {
      "makerOrderId": "675187d83ecf430007c87f1d",
      "price": "0.05174",
      "sequence": "6012717064796164",
      "side": "buy",
      "size": "590.6",
      "symbol": "AVAAI-USDT",
      "takerOrderId": "675187db1ed0d800075b3cca",
      "time": "1733396444002000000",
      "tradeId": "6012717064796164",
      "type": "match",
      "time_received": "11:00:44.0545"
    },
    {
      "makerOrderId": "675187d79574f30007742ce8",
      "price": "0.05195",
      "sequence": "6012717064796167",
      "side": "buy",
      "size": "2642.9",
      "symbol": "AVAAI-USDT",
      "takerOrderId": "675187db1ed0d800075b3cca",
      "time": "1733396444002000000",
      "tradeId": "6012717064796167",
      "type": "match",
      "time_received": "11:00:44.0545"
    },
    {
      "makerOrderId": "675187db1ed0d800075b3cca",
      "price": "0.05195",
      "sequence": "6012717263763457",
      "side": "sell",
      "size": "9152.5",
      "symbol": "AVAAI-USDT",
      "takerOrderId": "675187dcfe36bf00078a50ec",
      "time": "1733396444610000000",
      "tradeId": "6012717263763457",
      "type": "match",
      "time_received": "11:00:44.6638"
    },
    {
      "makerOrderId": "675187dc41bdfd0007049ddf",
      "price": "0.0497",
      "sequence": "6012717263763460",
      "side": "sell",
      "size": "108.7",
      "symbol": "AVAAI-USDT",
      "takerOrderId": "675187dcfe36bf00078a50ec",
      "time": "1733396444610000000",
      "tradeId": "6012717263763460",
      "type": "match",
      "time_received": "11:00:44.6639"
    },
    {
      "makerOrderId": "675187dcfe36bf00078a50ec",
      "price": "0.04968",
      "sequence": "6012717960935425",
      "side": "buy",
      "size": "315.7",
      "symbol": "AVAAI-USDT",
      "takerOrderId": "675187def517900007414b83",
      "time": "1733396446677000000",
      "tradeId": "6012717960935425",
      "type": "match",
      "time_received": "11:00:46.7314"
    },
    {
      "makerOrderId": "675187e4fe36bf00078a82d2",
      "price": "0.05196",
      "sequence": "6012721361336321",
      "side": "buy",
      "size": "49.6",
      "symbol": "AVAAI-USDT",
      "takerOrderId": "675187e78338b90007aa1c59",
      "time": "1733396456005000000",
      "tradeId": "6012721361336321",
      "type": "match",
      "time_received": "11:00:56.0544"
    },
    {
      "makerOrderId": "675187eae7750000077e73bf",
      "price": "0.05009",
      "sequence": "6012722418563073",
      "side": "sell",
      "size": "10",
      "symbol": "AVAAI-USDT",
      "takerOrderId": "675187ea8338b90007aa2e86",
      "time": "1733396458967000000",
      "tradeId": "6012722418563073",
      "type": "match",
      "time_received": "11:00:59.0198"
    },
    {
      "makerOrderId": "675187ea716ab3000756ea34",
      "price": "0.05009",
      "sequence": "6012722418563076",
      "side": "sell",
      "size": "977.4",
      "symbol": "AVAAI-USDT",
      "takerOrderId": "675187ea8338b90007aa2e86",
      "time": "1733396458967000000",
      "tradeId": "6012722418563076",
      "type": "match",
      "time_received": "11:00:59.0199"
    },
    {
      "makerOrderId": "675187ea9574f3000774aa1d",
      "price": "0.05009",
      "sequence": "6012722418563079",
      "side": "sell",
      "size": "980.6",
      "symbol": "AVAAI-USDT",
      "takerOrderId": "675187ea8338b90007aa2e86",
      "time": "1733396458967000000",
      "tradeId": "6012722418563079",
      "type": "match",
      "time_received": "11:00:59.0200"
    },
    {
      "makerOrderId": "675187e241bdfd000704c360",
      "price": "0.05",
      "sequence": "6012722418563082",
      "side": "sell",
      "size": "1990.5",
      "symbol": "AVAAI-USDT",
      "takerOrderId": "675187ea8338b90007aa2e86",
      "time": "1733396458967000000",
      "tradeId": "6012722418563082",
      "type": "match",
      "time_received": "11:00:59.0201"
    },
    {
      "makerOrderId": "675187ebff2a9e000778979a",
      "price": "0.04974",
      "sequence": "6012725360211969",
      "side": "sell",
      "size": "209",
      "symbol": "AVAAI-USDT",
      "takerOrderId": "675187f2ecb8b20007144274",
      "time": "1733396466387000000",
      "tradeId": "6012725360211969",
      "type": "match",
      "time_received": "11:01:06.4351"
    },
    {
      "makerOrderId": "675187df41bdfd000704b407",
      "price": "0.04972",
      "sequence": "6012726036674561",
      "side": "sell",
      "size": "128.1",
      "symbol": "AVAAI-USDT",
      "takerOrderId": "675187f38338b90007aa6f0e",
      "time": "1733396467898000000",
      "tradeId": "6012726036674561",
      "type": "match",
      "time_received": "11:01:07.9481"
    },
    {
      "makerOrderId": "675187f0fe36bf00078ad24d",
      "price": "0.0497",
      "sequence": "6012726036674564",
      "side": "sell",
      "size": "788.8",
      "symbol": "AVAAI-USDT",
      "takerOrderId": "675187f38338b90007aa6f0e",
      "time": "1733396467898000000",
      "tradeId": "6012726036674564",
      "type": "match",
      "time_received": "11:01:07.9482"
    },
    {
      "makerOrderId": "675187b0a398ab0007fb5337",
      "price": "0.049",
      "sequence": "6012727532992513",
      "side": "sell",
      "size": "8100",
      "symbol": "AVAAI-USDT",
      "takerOrderId": "675187f6fd80ce0007e7ebed",
      "time": "1733396470782000000",
      "tradeId": "6012727532992513",
      "type": "match",
      "time_received": "11:01:10.8295"
    },
    {
      "makerOrderId": "675187b0f5179000074002de",
      "price": "0.049",
      "sequence": "6012727532992516",
      "side": "sell",
      "size": "100",
      "symbol": "AVAAI-USDT",
      "takerOrderId": "675187f6fd80ce0007e7ebed",
      "time": "1733396470782000000",
      "tradeId": "6012727532992516",
      "type": "match",
      "time_received": "11:01:10.8295"
    },
    {
      "makerOrderId": "675187f6fd80ce0007e7ebed",
      "price": "0.049",
      "sequence": "6012728167512065",
      "side": "buy",
      "size": "364.4",
      "symbol": "AVAAI-USDT",
      "takerOrderId": "675187f7ff2a9e00077900f5",
      "time": "1733396471943000000",
      "tradeId": "6012728167512065",
      "type": "match",
      "time_received": "11:01:11.9976"
    },
    {
      "makerOrderId": "675187f8fd061e0007062375",
      "price": "0.04899",
      "sequence": "6012728835061761",
      "side": "buy",
      "size": "10",
      "symbol": "AVAAI-USDT",
      "takerOrderId": "675187f93ecf430007c96ae4",
      "time": "1733396473242000000",
      "tradeId": "6012728835061761",
      "type": "match",
      "time_received": "11:01:13.2917"
    },
    {
      "makerOrderId": "675187f6fd80ce0007e7ebed",
      "price": "0.049",
      "sequence": "6012728835061764",
      "side": "buy",
      "size": "2217.9",
      "symbol": "AVAAI-USDT",
      "takerOrderId": "675187f93ecf430007c96ae4",
      "time": "1733396473242000000",
      "tradeId": "6012728835061764",
      "type": "match",
      "time_received": "11:01:13.2919"
    },
    {
      "makerOrderId": "675187f83bb37e0007dc935c",
      "price": "0.04952",
      "sequence": "6012728835061767",
      "side": "buy",
      "size": "229.3",
      "symbol": "AVAAI-USDT",
      "takerOrderId": "675187f93ecf430007c96ae4",
      "time": "1733396473242000000",
      "tradeId": "6012728835061767",
      "type": "match",
      "time_received": "11:01:13.2919"
    },
    {
      "makerOrderId": "675187f93ecf430007c96cb8",
      "price": "0.04951",
      "sequence": "6012729532233729",
      "side": "buy",
      "size": "44.7",
      "symbol": "AVAAI-USDT",
      "takerOrderId": "675187fa3bb37e0007dca14c",
      "time": "1733396474880000000",
      "tradeId": "6012729532233729",
      "type": "match",
      "time_received": "11:01:14.9333"
    },
    {
      "makerOrderId": "675187f7e7750000077ee0ee",
      "price": "0.0496",
      "sequence": "6012729895172097",
      "side": "buy",
      "size": "19.8",
      "symbol": "AVAAI-USDT",
      "takerOrderId": "675187fbe7750000077efb26",
      "time": "1733396475748000000",
      "tradeId": "6012729895172097",
      "type": "match",
      "time_received": "11:01:15.7976"
    },
    {
      "makerOrderId": "67518806716ab3000757c390",
      "price": "0.04942",
      "sequence": "6012734218975233",
      "side": "buy",
      "size": "500",
      "symbol": "AVAAI-USDT",
      "takerOrderId": "67518807f5179000074274ee",
      "time": "1733396487665000000",
      "tradeId": "6012734218975233",
      "type": "match",
      "time_received": "11:01:27.7150"
    },
    {
      "makerOrderId": "6751880a7cf7ff0007092419",
      "price": "0.04937",
      "sequence": "6012735544375297",
      "side": "buy",
      "size": "751.3",
      "symbol": "AVAAI-USDT",
      "takerOrderId": "6751880a2e6b3a0007a68167",
      "time": "1733396490980000000",
      "tradeId": "6012735544375297",
      "type": "match",
      "time_received": "11:01:31.0281"
    },
    {
      "makerOrderId": "6751880af517900007428b21",
      "price": "0.04937",
      "sequence": "6012735544375300",
      "side": "buy",
      "size": "350",
      "symbol": "AVAAI-USDT",
      "takerOrderId": "6751880a2e6b3a0007a68167",
      "time": "1733396490980000000",
      "tradeId": "6012735544375300",
      "type": "match",
      "time_received": "11:01:31.0322"
    },
    {
      "makerOrderId": "6751880f3bb37e0007dd35ab",
      "price": "0.04936",
      "sequence": "6012737292482561",
      "side": "buy",
      "size": "220.4",
      "symbol": "AVAAI-USDT",
      "takerOrderId": "6751880fb1d2ab0007f1bb7d",
      "time": "1733396495513000000",
      "tradeId": "6012737292482561",
      "type": "match",
      "time_received": "11:01:35.5619"
    },
    {
      "makerOrderId": "6751880f3bb37e0007dd35ab",
      "price": "0.04936",
      "sequence": "6012737369421825",
      "side": "buy",
      "size": "320.5",
      "symbol": "AVAAI-USDT",
      "takerOrderId": "6751880fff2a9e000779acf1",
      "time": "1733396495686000000",
      "tradeId": "6012737369421825",
      "type": "match",
      "time_received": "11:01:35.7379"
    },
    {
      "makerOrderId": "6751881d3ecf430007ca78c3",
      "price": "0.04899",
      "sequence": "6012743476066305",
      "side": "buy",
      "size": "93.9",
      "symbol": "AVAAI-USDT",
      "takerOrderId": "6751881df517900007431d47",
      "time": "1733396509852000000",
      "tradeId": "6012743476066305",
      "type": "match",
      "time_received": "11:01:49.9051"
    },
    {
      "makerOrderId": "6751881d3ecf430007ca78c3",
      "price": "0.04899",
      "sequence": "6012745696557057",
      "side": "buy",
      "size": "40",
      "symbol": "AVAAI-USDT",
      "takerOrderId": "675188221ed0d800075d4c28",
      "time": "1733396514877000000",
      "tradeId": "6012745696557057",
      "type": "match",
      "time_received": "11:01:54.9280"
    },
    {
      "makerOrderId": "6751881d3ecf430007ca78c3",
      "price": "0.04899",
      "sequence": "6012746288084993",
      "side": "buy",
      "size": "452",
      "symbol": "AVAAI-USDT",
      "takerOrderId": "675188241e1c9e0007b99cf6",
      "time": "1733396516261000000",
      "tradeId": "6012746288084993",
      "type": "match",
      "time_received": "11:01:56.3104"
    },
    {
      "makerOrderId": "675188121e1c9e0007b91459",
      "price": "0.049",
      "sequence": "6012746288084996",
      "side": "buy",
      "size": "212.2",
      "symbol": "AVAAI-USDT",
      "takerOrderId": "675188241e1c9e0007b99cf6",
      "time": "1733396516261000000",
      "tradeId": "6012746288084996",
      "type": "match",
      "time_received": "11:01:56.3105"
    },
    {
      "makerOrderId": "675188121e1c9e0007b91459",
      "price": "0.049",
      "sequence": "6012747356059649",
      "side": "buy",
      "size": "200",
      "symbol": "AVAAI-USDT",
      "takerOrderId": "67518826ff2a9e00077a60c9",
      "time": "1733396518877000000",
      "tradeId": "6012747356059649",
      "type": "match",
      "time_received": "11:01:58.9266"
    },
    {
      "makerOrderId": "675188121e1c9e0007b91459",
      "price": "0.049",
      "sequence": "6012750770354177",
      "side": "buy",
      "size": "5309.9",
      "symbol": "AVAAI-USDT",
      "takerOrderId": "6751882f9574f3000776af06",
      "time": "1733396527251000000",
      "tradeId": "6012750770354177",
      "type": "match",
      "time_received": "11:02:07.3049"
    },
    {
      "makerOrderId": "675188121e1c9e0007b91459",
      "price": "0.049",
      "sequence": "6012752037820417",
      "side": "buy",
      "size": "51.4",
      "symbol": "AVAAI-USDT",
      "takerOrderId": "675188328338b90007ac4953",
      "time": "1733396530731000000",
      "tradeId": "6012752037820417",
      "type": "match",
      "time_received": "11:02:10.7814"
    },
    {
      "makerOrderId": "675188121e1c9e0007b91459",
      "price": "0.049",
      "sequence": "6012755210287105",
      "side": "buy",
      "size": "20.4",
      "symbol": "AVAAI-USDT",
      "takerOrderId": "6751883bfd80ce0007e9e115",
      "time": "1733396539733000000",
      "tradeId": "6012755210287105",
      "type": "match",
      "time_received": "11:02:19.7827"
    },
    {
      "makerOrderId": "675188121e1c9e0007b91459",
      "price": "0.049",
      "sequence": "6012755329824769",
      "side": "buy",
      "size": "438.5",
      "symbol": "AVAAI-USDT",
      "takerOrderId": "6751883c7cf7ff00070a87df",
      "time": "1733396540025000000",
      "tradeId": "6012755329824769",
      "type": "match",
      "time_received": "11:02:20.0782"
    },
    {
      "makerOrderId": "67518841aef36e000711b86f",
      "price": "0.04881",
      "sequence": "6012757773531137",
      "side": "sell",
      "size": "10",
      "symbol": "AVAAI-USDT",
      "takerOrderId": "67518842a398ab0007ff6be7",
      "time": "1733396546671000000",
      "tradeId": "6012757773531137",
      "type": "match",
      "time_received": "11:02:26.7172"
    },
    {
      "makerOrderId": "6751880aa398ab0007fddfa2",
      "price": "0.0488",
      "sequence": "6012757773531140",
      "side": "sell",
      "size": "179.1",
      "symbol": "AVAAI-USDT",
      "takerOrderId": "67518842a398ab0007ff6be7",
      "time": "1733396546671000000",
      "tradeId": "6012757773531140",
      "type": "match",
      "time_received": "11:02:26.7173"
    },
    {
      "makerOrderId": "67518834aef36e000711696d",
      "price": "0.0488",
      "sequence": "6012757773531143",
      "side": "sell",
      "size": "819.6",
      "symbol": "AVAAI-USDT",
      "takerOrderId": "67518842a398ab0007ff6be7",
      "time": "1733396546671000000",
      "tradeId": "6012757773531143",
      "type": "match",
      "time_received": "11:02:26.7174"
    },
    {
      "makerOrderId": "675187b08338b90007a89881",
      "price": "0.0485",
      "sequence": "6012757773531146",
      "side": "sell",
      "size": "2000",
      "symbol": "AVAAI-USDT",
      "takerOrderId": "67518842a398ab0007ff6be7",
      "time": "1733396546671000000",
      "tradeId": "6012757773531146",
      "type": "match",
      "time_received": "11:02:26.7176"
    },
    {
      "makerOrderId": "67518846aef36e000711dadf",
      "price": "0.04849",
      "sequence": "6012760177260545",
      "side": "buy",
      "size": "10",
      "symbol": "AVAAI-USDT",
      "takerOrderId": "67518848f517900007443ff2",
      "time": "1733396552350000000",
      "tradeId": "6012760177260545",
      "type": "match",
      "time_received": "11:02:32.4019"
    },
    {
      "makerOrderId": "675188121e1c9e0007b91459",
      "price": "0.049",
      "sequence": "6012760177260548",
      "side": "buy",
      "size": "1190",
      "symbol": "AVAAI-USDT",
      "takerOrderId": "67518848f517900007443ff2",
      "time": "1733396552350000000",
      "tradeId": "6012760177260548",
      "type": "match",
      "time_received": "11:02:32.4020"
    },
    {
      "makerOrderId": "675188121e1c9e0007b91459",
      "price": "0.049",
      "sequence": "6012762005190657",
      "side": "buy",
      "size": "30",
      "symbol": "AVAAI-USDT",
      "takerOrderId": "6751884c41bdfd000707bd2d",
      "time": "1733396556971000000",
      "tradeId": "6012762005190657",
      "type": "match",
      "time_received": "11:02:37.0230"
    },
    {
      "makerOrderId": "675188121e1c9e0007b91459",
      "price": "0.049",
      "sequence": "6012762315175937",
      "side": "buy",
      "size": "51",
      "symbol": "AVAAI-USDT",
      "takerOrderId": "6751884db1d2ab0007f36f35",
      "time": "1733396557394000000",
      "tradeId": "6012762315175937",
      "type": "match",
      "time_received": "11:02:37.4453"
    },
    {
      "makerOrderId": "6751884ae775000007812cde",
      "price": "0.04882",
      "sequence": "6012762700658689",
      "side": "sell",
      "size": "10",
      "symbol": "AVAAI-USDT",
      "takerOrderId": "6751884eb1d2ab0007f375aa",
      "time": "1733396558332000000",
      "tradeId": "6012762700658689",
      "type": "match",
      "time_received": "11:02:38.3864"
    },
    {
      "makerOrderId": "675188489574f300077755fd",
      "price": "0.04881",
      "sequence": "6012762700658692",
      "side": "sell",
      "size": "753.7",
      "symbol": "AVAAI-USDT",
      "takerOrderId": "6751884eb1d2ab0007f375aa",
      "time": "1733396558332000000",
      "tradeId": "6012762700658692",
      "type": "match",
      "time_received": "11:02:38.3865"
    },
    {
      "makerOrderId": "6751884ef517900007446846",
      "price": "0.0488",
      "sequence": "6012763694184449",
      "side": "buy",
      "size": "10",
      "symbol": "AVAAI-USDT",
      "takerOrderId": "67518850fd061e000708910e",
      "time": "1733396560807000000",
      "tradeId": "6012763694184449",
      "type": "match",
      "time_received": "11:02:40.8589"
    },
    {
      "makerOrderId": "6751884eb1d2ab0007f375aa",
      "price": "0.04881",
      "sequence": "6012763694184452",
      "side": "buy",
      "size": "132.8",
      "symbol": "AVAAI-USDT",
      "takerOrderId": "67518850fd061e000708910e",
      "time": "1733396560807000000",
      "tradeId": "6012763694184452",
      "type": "match",
      "time_received": "11:02:40.8591"
    },
    {
      "makerOrderId": "67518850ecb8b2000716ed5d",
      "price": "0.04801",
      "sequence": "6012764453353473",
      "side": "sell",
      "size": "10",
      "symbol": "AVAAI-USDT",
      "takerOrderId": "67518852fd80ce0007ea7815",
      "time": "1733396562475000000",
      "tradeId": "6012764453353473",
      "type": "match",
      "time_received": "11:02:42.5261"
    },
    {
      "makerOrderId": "675187b07cf7ff0007069ada",
      "price": "0.048",
      "sequence": "6012764453353476",
      "side": "sell",
      "size": "1000",
      "symbol": "AVAAI-USDT",
      "takerOrderId": "67518852fd80ce0007ea7815",
      "time": "1733396562475000000",
      "tradeId": "6012764453353476",
      "type": "match",
      "time_received": "11:02:42.5262"
    },
    {
      "makerOrderId": "6751881041bdfd000706192c",
      "price": "0.048",
      "sequence": "6012764453353479",
      "side": "sell",
      "size": "6299.9",
      "symbol": "AVAAI-USDT",
      "takerOrderId": "67518852fd80ce0007ea7815",
      "time": "1733396562475000000",
      "tradeId": "6012764453353479",
      "type": "match",
      "time_received": "11:02:42.5263"
    },
    {
      "makerOrderId": "675188592e6b3a0007a8a5ad",
      "price": "0.048",
      "sequence": "6012772293163009",
      "side": "sell",
      "size": "436.5",
      "symbol": "AVAAI-USDT",
      "takerOrderId": "67518864fd80ce0007eaf338",
      "time": "1733396580580000000",
      "tradeId": "6012772293163009",
      "type": "match",
      "time_received": "11:03:00.6296"
    },
    {
      "makerOrderId": "6751881f2e6b3a0007a721d0",
      "price": "0.046",
      "sequence": "6012772293163012",
      "side": "sell",
      "size": "160.1",
      "symbol": "AVAAI-USDT",
      "takerOrderId": "67518864fd80ce0007eaf338",
      "time": "1733396580580000000",
      "tradeId": "6012772293163012",
      "type": "match",
      "time_received": "11:03:00.6297"
    },
    {
      "makerOrderId": "675188658338b90007ad97a9",
      "price": "0.04942",
      "sequence": "6012772623595521",
      "side": "buy",
      "size": "10",
      "symbol": "AVAAI-USDT",
      "takerOrderId": "67518865fd061e0007091c69",
      "time": "1733396581292000000",
      "tradeId": "6012772623595521",
      "type": "match",
      "time_received": "11:03:01.3434"
    },
    {
      "makerOrderId": "675188649574f30007780e91",
      "price": "0.04943",
      "sequence": "6012772623595524",
      "side": "buy",
      "size": "1490.8",
      "symbol": "AVAAI-USDT",
      "takerOrderId": "67518865fd061e0007091c69",
      "time": "1733396581292000000",
      "tradeId": "6012772623595524",
      "type": "match",
      "time_received": "11:03:01.3436"
    },
    {
      "makerOrderId": "675188649574f30007780e91",
      "price": "0.04943",
      "sequence": "6012772998199297",
      "side": "buy",
      "size": "6014.4",
      "symbol": "AVAAI-USDT",
      "takerOrderId": "675188661e1c9e0007bb5858",
      "time": "1733396582151000000",
      "tradeId": "6012772998199297",
      "type": "match",
      "time_received": "11:03:02.2031"
    },
    {
      "makerOrderId": "6751886841bdfd0007087965",
      "price": "0.0494",
      "sequence": "6012774772520961",
      "side": "buy",
      "size": "160.1",
      "symbol": "AVAAI-USDT",
      "takerOrderId": "6751886aa398ab0007007ecd",
      "time": "1733396586481000000",
      "tradeId": "6012774772520961",
      "type": "match",
      "time_received": "11:03:06.5329"
    },
    {
      "makerOrderId": "675188481e1c9e0007ba91fc",
      "price": "0.0495",
      "sequence": "6012774772520964",
      "side": "buy",
      "size": "316",
      "symbol": "AVAAI-USDT",
      "takerOrderId": "6751886aa398ab0007007ecd",
      "time": "1733396586481000000",
      "tradeId": "6012774772520964",
      "type": "match",
      "time_received": "11:03:06.5330"
    },
    {
      "makerOrderId": "6751886d41bdfd0007089ab2",
      "price": "0.04934",
      "sequence": "6012776733882369",
      "side": "buy",
      "size": "1013.3",
      "symbol": "AVAAI-USDT",
      "takerOrderId": "6751886f41bdfd000708ab50",
      "time": "1733396591161000000",
      "tradeId": "6012776733882369",
      "type": "match",
      "time_received": "11:03:11.2148"
    },
    {
      "makerOrderId": "6751886d41bdfd0007089ab2",
      "price": "0.04934",
      "sequence": "6012777167730689",
      "side": "buy",
      "size": "282.3",
      "symbol": "AVAAI-USDT",
      "takerOrderId": "675188701e1c9e0007bba00c",
      "time": "1733396592139000000",
      "tradeId": "6012777167730689",
      "type": "match",
      "time_received": "11:03:12.1932"
    },
    {
      "makerOrderId": "67518876fe36bf00078e98e5",
      "price": "0.048",
      "sequence": "6012780805240833",
      "side": "buy",
      "size": "310.9",
      "symbol": "AVAAI-USDT",
      "takerOrderId": "67518878aef36e0007133b72",
      "time": "1733396600747000000",
      "tradeId": "6012780805240833",
      "type": "match",
      "time_received": "11:03:20.8004"
    },
    {
      "makerOrderId": "67518876fe36bf00078e98e5",
      "price": "0.048",
      "sequence": "6012783427336193",
      "side": "buy",
      "size": "152.7",
      "symbol": "AVAAI-USDT",
      "takerOrderId": "6751887eff2a9e00077cb7dc",
      "time": "1733396606939000000",
      "tradeId": "6012783427336193",
      "type": "match",
      "time_received": "11:03:26.9886"
    },
    {
      "makerOrderId": "6751887e9574f3000778c8fc",
      "price": "0.0492",
      "sequence": "6012783427336196",
      "side": "buy",
      "size": "990",
      "symbol": "AVAAI-USDT",
      "takerOrderId": "6751887eff2a9e00077cb7dc",
      "time": "1733396606939000000",
      "tradeId": "6012783427336196",
      "type": "match",
      "time_received": "11:03:26.9888"
    },
    {
      "makerOrderId": "6751887e9574f3000778c8fc",
      "price": "0.0492",
      "sequence": "6012785057085441",
      "side": "buy",
      "size": "748.3",
      "symbol": "AVAAI-USDT",
      "takerOrderId": "67518883fe36bf00078ee745",
      "time": "1733396611108000000",
      "tradeId": "6012785057085441",
      "type": "match",
      "time_received": "11:03:31.1580"
    },
    {
      "makerOrderId": "6751887a41bdfd0007090319",
      "price": "0.04601",
      "sequence": "6012786323503105",
      "side": "sell",
      "size": "10",
      "symbol": "AVAAI-USDT",
      "takerOrderId": "675188861ed0d800075ff3e0",
      "time": "1733396614255000000",
      "tradeId": "6012786323503105",
      "type": "match",
      "time_received": "11:03:34.3063"
    },
    {
      "makerOrderId": "67518821e775000007801a75",
      "price": "0.046",
      "sequence": "6012786323503108",
      "side": "sell",
      "size": "8",
      "symbol": "AVAAI-USDT",
      "takerOrderId": "675188861ed0d800075ff3e0",
      "time": "1733396614255000000",
      "tradeId": "6012786323503108",
      "type": "match",
      "time_received": "11:03:34.3064"
    },
    {
      "makerOrderId": "6751888caef36e000713b9b7",
      "price": "0.04899",
      "sequence": "6012788741126145",
      "side": "buy",
      "size": "10",
      "symbol": "AVAAI-USDT",
      "takerOrderId": "6751888cf5179000074613a1",
      "time": "1733396620825000000",
      "tradeId": "6012788741126145",
      "type": "match",
      "time_received": "11:03:40.8719"
    },
    {
      "makerOrderId": "6751888aecb8b20007187ef7",
      "price": "0.049",
      "sequence": "6012788741126148",
      "side": "buy",
      "size": "10.4",
      "symbol": "AVAAI-USDT",
      "takerOrderId": "6751888cf5179000074613a1",
      "time": "1733396620825000000",
      "tradeId": "6012788741126148",
      "type": "match",
      "time_received": "11:03:40.8720"
    },
    {
      "makerOrderId": "6751888aecb8b20007187ef7",
      "price": "0.049",
      "sequence": "6012789061597185",
      "side": "buy",
      "size": "20.1",
      "symbol": "AVAAI-USDT",
      "takerOrderId": "6751888d9574f30007792ca5",
      "time": "1733396621737000000",
      "tradeId": "6012789061597185",
      "type": "match",
      "time_received": "11:03:41.7882"
    },
    {
      "makerOrderId": "6751888aecb8b20007187ef7",
      "price": "0.049",
      "sequence": "6012790590814209",
      "side": "buy",
      "size": "610.4",
      "symbol": "AVAAI-USDT",
      "takerOrderId": "675188913bb37e0007e0bb52",
      "time": "1733396625649000000",
      "tradeId": "6012790590814209",
      "type": "match",
      "time_received": "11:03:45.6991"
    },
    {
      "makerOrderId": "675188a72e6b3a0007aab34e",
      "price": "0.04893",
      "sequence": "6012803068475393",
      "side": "buy",
      "size": "699.4",
      "symbol": "AVAAI-USDT",
      "takerOrderId": "675188b11ed0d8000761102f",
      "time": "1733396657486000000",
      "tradeId": "6012803068475393",
      "type": "match",
      "time_received": "11:04:17.5390"
    },
    {
      "makerOrderId": "675188a72e6b3a0007aab34e",
      "price": "0.04893",
      "sequence": "6012803591714817",
      "side": "buy",
      "size": "817.4",
      "symbol": "AVAAI-USDT",
      "takerOrderId": "675188b2ecb8b20007198574",
      "time": "1733396658917000000",
      "tradeId": "6012803591714817",
      "type": "match",
      "time_received": "11:04:18.9675"
    },
    {
      "makerOrderId": "675188b82e6b3a0007ab25e2",
      "price": "0.04886",
      "sequence": "6012806307264513",
      "side": "buy",
      "size": "464.2",
      "symbol": "AVAAI-USDT",
      "takerOrderId": "675188baff2a9e00077e3865",
      "time": "1733396666075000000",
      "tradeId": "6012806307264513",
      "type": "match",
      "time_received": "11:04:26.1240"
    },
    {
      "makerOrderId": "675188b82e6b3a0007ab25e2",
      "price": "0.04886",
      "sequence": "6012806453540865",
      "side": "buy",
      "size": "20.4",
      "symbol": "AVAAI-USDT",
      "takerOrderId": "675188baff2a9e00077e3b68",
      "time": "1733396666530000000",
      "tradeId": "6012806453540865",
      "type": "match",
      "time_received": "11:04:26.5844"
    },
    {
      "makerOrderId": "675188b82e6b3a0007ab25e2",
      "price": "0.04886",
      "sequence": "6012808419883009",
      "side": "buy",
      "size": "11",
      "symbol": "AVAAI-USDT",
      "takerOrderId": "675188bf9574f300077a72a6",
      "time": "1733396671329000000",
      "tradeId": "6012808419883009",
      "type": "match",
      "time_received": "11:04:31.3809"
    },
    {
      "makerOrderId": "6751888aecb8b20007187ef7",
      "price": "0.049",
      "sequence": "6012810527258625",
      "side": "buy",
      "size": "350.3",
      "symbol": "AVAAI-USDT",
      "takerOrderId": "675188c4fd80ce0007ed7a09",
      "time": "1733396676888000000",
      "tradeId": "6012810527258625",
      "type": "match",
      "time_received": "11:04:36.9438"
    },
    {
      "makerOrderId": "675188ddff2a9e00077f2128",
      "price": "0.04872",
      "sequence": "6012823099422721",
      "side": "buy",
      "size": "30",
      "symbol": "AVAAI-USDT",
      "takerOrderId": "675188e3e775000007853358",
      "time": "1733396707830000000",
      "tradeId": "6012823099422721",
      "type": "match",
      "time_received": "11:05:07.8781"
    },
    {
      "makerOrderId": "675188f1ff2a9e00077fae91",
      "price": "0.04869",
      "sequence": "6012831728154625",
      "side": "buy",
      "size": "1126.6",
      "symbol": "AVAAI-USDT",
      "takerOrderId": "675188f7fe36bf000791f1b1",
      "time": "1733396727989000000",
      "tradeId": "6012831728154625",
      "type": "match",
      "time_received": "11:05:28.0427"
    },
    {
      "makerOrderId": "675189059574f300077c471d",
      "price": "0.04898",
      "sequence": "6012840920889345",
      "side": "buy",
      "size": "408.3",
      "symbol": "AVAAI-USDT",
      "takerOrderId": "6751890fecb8b200071be9f7",
      "time": "1733396751670000000",
      "tradeId": "6012840920889345",
      "type": "match",
      "time_received": "11:05:51.7198"
    },
    {
      "makerOrderId": "675189059574f300077c471d",
      "price": "0.04898",
      "sequence": "6012843400509441",
      "side": "buy",
      "size": "2102.9",
      "symbol": "AVAAI-USDT",
      "takerOrderId": "67518916a398ab000704f395",
      "time": "1733396758122000000",
      "tradeId": "6012843400509441",
      "type": "match",
      "time_received": "11:05:58.1738"
    },
    {
      "makerOrderId": "675189353ecf430007d1df8b",
      "price": "0.0488",
      "sequence": "6012859183544321",
      "side": "buy",
      "size": "3065.6",
      "symbol": "AVAAI-USDT",
      "takerOrderId": "6751893cecb8b200071d1de4",
      "time": "1733396796781000000",
      "tradeId": "6012859183544321",
      "type": "match",
      "time_received": "11:06:36.8270"
    },
    {
      "makerOrderId": "6751891e7cf7ff0007107696",
      "price": "0.04871",
      "sequence": "6012874471782401",
      "side": "sell",
      "size": "100",
      "symbol": "AVAAI-USDT",
      "takerOrderId": "6751896041bdfd00070ef917",
      "time": "1733396832887000000",
      "tradeId": "6012874471782401",
      "type": "match",
      "time_received": "11:07:12.9359"
    },
    {
      "makerOrderId": "675189551ed0d80007654fe2",
      "price": "0.04801",
      "sequence": "6012874471782404",
      "side": "sell",
      "size": "308.3",
      "symbol": "AVAAI-USDT",
      "takerOrderId": "6751896041bdfd00070ef917",
      "time": "1733396832887000000",
      "tradeId": "6012874471782404",
      "type": "match",
      "time_received": "11:07:12.9360"
    },
    {
      "makerOrderId": "675189551ed0d80007654fe2",
      "price": "0.04801",
      "sequence": "6012877318273025",
      "side": "sell",
      "size": "100",
      "symbol": "AVAAI-USDT",
      "takerOrderId": "67518967ecb8b200071e3d45",
      "time": "1733396839386000000",
      "tradeId": "6012877318273025",
      "type": "match",
      "time_received": "11:07:19.4363"
    },
    {
      "makerOrderId": "675189551ed0d80007654fe2",
      "price": "0.04801",
      "sequence": "6012883114407937",
      "side": "sell",
      "size": "617.8",
      "symbol": "AVAAI-USDT",
      "takerOrderId": "67518976ff2a9e00078323ca",
      "time": "1733396854373000000",
      "tradeId": "6012883114407937",
      "type": "match",
      "time_received": "11:07:34.4236"
    },
    {
      "makerOrderId": "675189298338b90007b2bc25",
      "price": "0.048",
      "sequence": "6012883114407940",
      "side": "sell",
      "size": "834.3",
      "symbol": "AVAAI-USDT",
      "takerOrderId": "67518976ff2a9e00078323ca",
      "time": "1733396854373000000",
      "tradeId": "6012883114407940",
      "type": "match",
      "time_received": "11:07:34.4237"
    },
    {
      "makerOrderId": "67518976ff2a9e00078323ca",
      "price": "0.048",
      "sequence": "6012883345487873",
      "side": "buy",
      "size": "833.3",
      "symbol": "AVAAI-USDT",
      "takerOrderId": "6751897641bdfd00070f8d1d",
      "time": "1733396854950000000",
      "tradeId": "6012883345487873",
      "type": "match",
      "time_received": "11:07:34.9959"
    },
    {
      "makerOrderId": "675189789574f300077f4916",
      "price": "0.04799",
      "sequence": "6012887694718977",
      "side": "buy",
      "size": "26.5",
      "symbol": "AVAAI-USDT",
      "takerOrderId": "67518981fd061e0007107d47",
      "time": "1733396865646000000",
      "tradeId": "6012887694718977",
      "type": "match",
      "time_received": "11:07:45.6987"
    },
    {
      "makerOrderId": "67518989aef36e00071a3ec7",
      "price": "0.047",
      "sequence": "6012896862812161",
      "side": "sell",
      "size": "26.5",
      "symbol": "AVAAI-USDT",
      "takerOrderId": "675189987cf7ff0007138fc0",
      "time": "1733396888928000000",
      "tradeId": "6012896862812161",
      "type": "match",
      "time_received": "11:08:08.9768"
    },
    {
      "makerOrderId": "67518989aef36e00071a3ec7",
      "price": "0.047",
      "sequence": "6012908808189953",
      "side": "sell",
      "size": "350.3",
      "symbol": "AVAAI-USDT",
      "takerOrderId": "675189b7a398ab00070904ba",
      "time": "1733396919978000000",
      "tradeId": "6012908808189953",
      "type": "match",
      "time_received": "11:08:40.0289"
    },
    {
      "makerOrderId": "67518989aef36e00071a3ec7",
      "price": "0.047",
      "sequence": "6012919807096833",
      "side": "sell",
      "size": "456.5",
      "symbol": "AVAAI-USDT",
      "takerOrderId": "675189d3fd061e0007129ab8",
      "time": "1733396947874000000",
      "tradeId": "6012919807096833",
      "type": "match",
      "time_received": "11:09:07.9276"
    },
    {
      "makerOrderId": "675189d3fd061e0007129ab8",
      "price": "0.0469",
      "sequence": "6012923519711233",
      "side": "buy",
      "size": "539.1",
      "symbol": "AVAAI-USDT",
      "takerOrderId": "675189dcfd061e000712d9cf",
      "time": "1733396956972000000",
      "tradeId": "6012923519711233",
      "type": "match",
      "time_received": "11:09:17.0223"
    },
    {
      "makerOrderId": "675189d3fd061e0007129ab8",
      "price": "0.0469",
      "sequence": "6012924285827073",
      "side": "buy",
      "size": "1029.8",
      "symbol": "AVAAI-USDT",
      "takerOrderId": "675189de2e6b3a0007b2c7f2",
      "time": "1733396958962000000",
      "tradeId": "6012924285827073",
      "type": "match",
      "time_received": "11:09:19.0104"
    },
    {
      "makerOrderId": "675189d3fd061e0007129ab8",
      "price": "0.0469",
      "sequence": "6012927441778689",
      "side": "buy",
      "size": "99.8",
      "symbol": "AVAAI-USDT",
      "takerOrderId": "675189e7ecb8b2000721723b",
      "time": "1733396967371000000",
      "tradeId": "6012927441778689",
      "type": "match",
      "time_received": "11:09:27.4180"
    },
    {
      "makerOrderId": "675189d3fd061e0007129ab8",
      "price": "0.0469",
      "sequence": "6012929980643329",
      "side": "buy",
      "size": "20.4",
      "symbol": "AVAAI-USDT",
      "takerOrderId": "675189eeb1d2ab0007fe3225",
      "time": "1733396974351000000",
      "tradeId": "6012929980643329",
      "type": "match",
      "time_received": "11:09:34.3996"
    },
    {
      "makerOrderId": "675189ef3ecf430007d693fe",
      "price": "0.04689",
      "sequence": "6012931492558849",
      "side": "buy",
      "size": "999.6",
      "symbol": "AVAAI-USDT",
      "takerOrderId": "675189f2aef36e00071ceddb",
      "time": "1733396978651000000",
      "tradeId": "6012931492558849",
      "type": "match",
      "time_received": "11:09:38.6966"
    },
    {
      "makerOrderId": "675189d3fd061e0007129ab8",
      "price": "0.0469",
      "sequence": "6012931492558852",
      "side": "buy",
      "size": "2821.9",
      "symbol": "AVAAI-USDT",
      "takerOrderId": "675189f2aef36e00071ceddb",
      "time": "1733396978651000000",
      "tradeId": "6012931492558852",
      "type": "match",
      "time_received": "11:09:38.6966"
    },
    {
      "makerOrderId": "675189922e6b3a0007b0c20d",
      "price": "0.04799",
      "sequence": "6012946782238721",
      "side": "buy",
      "size": "12.3",
      "symbol": "AVAAI-USDT",
      "takerOrderId": "67518a1be7750000078d3885",
      "time": "1733397019809000000",
      "tradeId": "6012946782238721",
      "type": "match",
      "time_received": "11:10:19.8579"
    },
    {
      "makerOrderId": "67518a3de7750000078e1558",
      "price": "0.04799",
      "sequence": "6012959997835265",
      "side": "buy",
      "size": "32.4",
      "symbol": "AVAAI-USDT",
      "takerOrderId": "67518a3ef517900007513a85",
      "time": "1733397054301000000",
      "tradeId": "6012959997835265",
      "type": "match",
      "time_received": "11:10:54.3499"
    },
    {
      "makerOrderId": "67518a3b2e6b3a0007b523c2",
      "price": "0.048",
      "sequence": "6012959997835268",
      "side": "buy",
      "size": "6985.4",
      "symbol": "AVAAI-USDT",
      "takerOrderId": "67518a3ef517900007513a85",
      "time": "1733397054301000000",
      "tradeId": "6012959997835268",
      "type": "match",
      "time_received": "11:10:54.3500"
    },
    {
      "makerOrderId": "67518a39fd80ce0007f71078",
      "price": "0.0469",
      "sequence": "6012960415299585",
      "side": "sell",
      "size": "2025.3",
      "symbol": "AVAAI-USDT",
      "takerOrderId": "67518a3fecb8b2000723b00b",
      "time": "1733397055183000000",
      "tradeId": "6012960415299585",
      "type": "match",
      "time_received": "11:10:55.2318"
    },
    {
      "makerOrderId": "67518a691e1c9e0007c8a353",
      "price": "0.04701",
      "sequence": "6012979085719553",
      "side": "sell",
      "size": "10",
      "symbol": "AVAAI-USDT",
      "takerOrderId": "67518a70fd061e0007169419",
      "time": "1733397104298000000",
      "tradeId": "6012979085719553",
      "type": "match",
      "time_received": "11:11:44.3435"
    },
    {
      "makerOrderId": "67518a5b7cf7ff0007189418",
      "price": "0.047",
      "sequence": "6012979085719556",
      "side": "sell",
      "size": "300.9",
      "symbol": "AVAAI-USDT",
      "takerOrderId": "67518a70fd061e0007169419",
      "time": "1733397104298000000",
      "tradeId": "6012979085719556",
      "type": "match",
      "time_received": "11:11:44.3436"
    },
    {
      "makerOrderId": "67518a70e7750000078f57f2",
      "price": "0.04798",
      "sequence": "6012982712088577",
      "side": "buy",
      "size": "10",
      "symbol": "AVAAI-USDT",
      "takerOrderId": "67518a79f51790000752b885",
      "time": "1733397113493000000",
      "tradeId": "6012982712088577",
      "type": "match",
      "time_received": "11:11:53.5395"
    },
    {
      "makerOrderId": "67518a5e7cf7ff000718aa20",
      "price": "0.04799",
      "sequence": "6012982712088580",
      "side": "buy",
      "size": "10.7",
      "symbol": "AVAAI-USDT",
      "takerOrderId": "67518a79f51790000752b885",
      "time": "1733397113493000000",
      "tradeId": "6012982712088580",
      "type": "match",
      "time_received": "11:11:53.5395"
    },
    {
      "makerOrderId": "67518a79716ab3000768093c",
      "price": "0.04701",
      "sequence": "6012991029393409",
      "side": "sell",
      "size": "10",
      "symbol": "AVAAI-USDT",
      "takerOrderId": "67518a8dfd80ce0007f92a63",
      "time": "1733397133685000000",
      "tradeId": "6012991029393409",
      "type": "match",
      "time_received": "11:12:13.7331"
    },
    {
      "makerOrderId": "67518a5b7cf7ff0007189418",
      "price": "0.047",
      "sequence": "6012991029393412",
      "side": "sell",
      "size": "466.1",
      "symbol": "AVAAI-USDT",
      "takerOrderId": "67518a8dfd80ce0007f92a63",
      "time": "1733397133685000000",
      "tradeId": "6012991029393412",
      "type": "match",
      "time_received": "11:12:13.7332"
    },
    {
      "makerOrderId": "67518a97aef36e000721208b",
      "price": "0.0478",
      "sequence": "6012999758919681",
      "side": "sell",
      "size": "767",
      "symbol": "AVAAI-USDT",
      "takerOrderId": "67518aa5ff2a9e00078ab959",
      "time": "1733397157411000000",
      "tradeId": "6012999758919681",
      "type": "match",
      "time_received": "11:12:37.4572"
    },
    {
      "makerOrderId": "67518aaf3bb37e0007ee7cbf",
      "price": "0.04781",
      "sequence": "6013010618497025",
      "side": "sell",
      "size": "107.8",
      "symbol": "AVAAI-USDT",
      "takerOrderId": "67518ac0fe36bf00079d72ab",
      "time": "1733397184760000000",
      "tradeId": "6013010618497025",
      "type": "match",
      "time_received": "11:13:04.8008"
    },
    {
      "makerOrderId": "67518aaf3bb37e0007ee7cbf",
      "price": "0.04781",
      "sequence": "6013011537573889",
      "side": "sell",
      "size": "926.3",
      "symbol": "AVAAI-USDT",
      "takerOrderId": "67518ac2fd80ce0007fa675f",
      "time": "1733397186864000000",
      "tradeId": "6013011537573889",
      "type": "match",
      "time_received": "11:13:06.9140"
    },
    {
      "makerOrderId": "67518a97aef36e000721208b",
      "price": "0.0478",
      "sequence": "6013015366580225",
      "side": "sell",
      "size": "5466.3",
      "symbol": "AVAAI-USDT",
      "takerOrderId": "67518acbfd80ce0007faa378",
      "time": "1733397195631000000",
      "tradeId": "6013015366580225",
      "type": "match",
      "time_received": "11:13:15.6755"
    },
    {
      "makerOrderId": "67518a97aef36e000721208b",
      "price": "0.0478",
      "sequence": "6013018888615937",
      "side": "sell",
      "size": "739.3",
      "symbol": "AVAAI-USDT",
      "takerOrderId": "67518ad3ecb8b20007274bd2",
      "time": "1733397203916000000",
      "tradeId": "6013018888615937",
      "type": "match",
      "time_received": "11:13:23.9613"
    },
    {
      "makerOrderId": "67518ad441bdfd0007184222",
      "price": "0.04779",
      "sequence": "6013019242379265",
      "side": "buy",
      "size": "224.8",
      "symbol": "AVAAI-USDT",
      "takerOrderId": "67518ad4f51790000754e7d3",
      "time": "1733397204833000000",
      "tradeId": "6013019242379265",
      "type": "match",
      "time_received": "11:13:24.8803"
    },
    {
      "makerOrderId": "67518ad441bdfd0007184222",
      "price": "0.04779",
      "sequence": "6013027332798465",
      "side": "buy",
      "size": "83.6",
      "symbol": "AVAAI-USDT",
      "takerOrderId": "67518ae91e1c9e0007cbb8ed",
      "time": "1733397225337000000",
      "tradeId": "6013027332798465",
      "type": "match",
      "time_received": "11:13:45.3856"
    },
    {
      "makerOrderId": "67518ad4fd061e000718f98b",
      "price": "0.04701",
      "sequence": "6013028819023873",
      "side": "sell",
      "size": "10.8",
      "symbol": "AVAAI-USDT",
      "takerOrderId": "67518aede775000007925b04",
      "time": "1733397229362000000",
      "tradeId": "6013028819023873",
      "type": "match",
      "time_received": "11:13:49.4075"
    },
    {
      "makerOrderId": "67518aedb1d2ab000704826b",
      "price": "0.04701",
      "sequence": "6013028819023876",
      "side": "sell",
      "size": "1489.2",
      "symbol": "AVAAI-USDT",
      "takerOrderId": "67518aede775000007925b04",
      "time": "1733397229362000000",
      "tradeId": "6013028819023876",
      "type": "match",
      "time_received": "11:13:49.4077"
    },
    {
      "makerOrderId": "67518af341bdfd00071901f9",
      "price": "0.0472",
      "sequence": "6013040174839809",
      "side": "sell",
      "size": "612.3",
      "symbol": "AVAAI-USDT",
      "takerOrderId": "67518b0afd80ce0007fc1b0b",
      "time": "1733397258310000000",
      "tradeId": "6013040174839809",
      "type": "match",
      "time_received": "11:14:18.3515"
    },
    {
      "makerOrderId": "67518aedb1d2ab000704826b",
      "price": "0.04701",
      "sequence": "6013044939962369",
      "side": "sell",
      "size": "312.2",
      "symbol": "AVAAI-USDT",
      "takerOrderId": "67518b17e775000007934bf0",
      "time": "1733397271584000000",
      "tradeId": "6013044939962369",
      "type": "match",
      "time_received": "11:14:31.6279"
    },
    {
      "makerOrderId": "67518b22ecb8b20007291fec",
      "price": "0.04759",
      "sequence": "6013067028084737",
      "side": "buy",
      "size": "746.5",
      "symbol": "AVAAI-USDT",
      "takerOrderId": "67518b4fa398ab000713246d",
      "time": "1733397327627000000",
      "tradeId": "6013067028084737",
      "type": "match",
      "time_received": "11:15:27.6675"
    },
    {
      "makerOrderId": "67518b3a2e6b3a0007bb40c2",
      "price": "0.04759",
      "sequence": "6013067028084740",
      "side": "buy",
      "size": "20.4",
      "symbol": "AVAAI-USDT",
      "takerOrderId": "67518b4fa398ab000713246d",
      "time": "1733397327627000000",
      "tradeId": "6013067028084740",
      "type": "match",
      "time_received": "11:15:27.6725"
    },
    {
      "makerOrderId": "67518b1c2e6b3a0007ba88be",
      "price": "0.0476",
      "sequence": "6013071473522689",
      "side": "buy",
      "size": "100.9",
      "symbol": "AVAAI-USDT",
      "takerOrderId": "67518b5af51790000758192f",
      "time": "1733397338691000000",
      "tradeId": "6013071473522689",
      "type": "match",
      "time_received": "11:15:38.7355"
    },
    {
      "makerOrderId": "67518b1c2e6b3a0007ba88be",
      "price": "0.0476",
      "sequence": "6013073327536129",
      "side": "buy",
      "size": "511.4",
      "symbol": "AVAAI-USDT",
      "takerOrderId": "67518b5f7cf7ff00071ece03",
      "time": "1733397343059000000",
      "tradeId": "6013073327536129",
      "type": "match",
      "time_received": "11:15:43.1045"
    },
    {
      "makerOrderId": "67518b1d3ecf430007ddfc4d",
      "price": "0.04778",
      "sequence": "6013078444324865",
      "side": "buy",
      "size": "73.1",
      "symbol": "AVAAI-USDT",
      "takerOrderId": "67518b6b2e6b3a0007bc84c0",
      "time": "1733397355778000000",
      "tradeId": "6013078444324865",
      "type": "match",
      "time_received": "11:15:55.8243"
    },
    {
      "makerOrderId": "67518b1d3ecf430007ddfc4d",
      "price": "0.04778",
      "sequence": "6013083141289985",
      "side": "buy",
      "size": "1582",
      "symbol": "AVAAI-USDT",
      "takerOrderId": "67518b77aef36e0007268959",
      "time": "1733397367760000000",
      "tradeId": "6013083141289985",
      "type": "match",
      "time_received": "11:16:07.8107"
    },
    {
      "makerOrderId": "67518b6fff2a9e00078f9962",
      "price": "0.0476",
      "sequence": "6013100187596801",
      "side": "sell",
      "size": "103.2",
      "symbol": "AVAAI-USDT",
      "takerOrderId": "67518ba2fd80ce0007ffe5f1",
      "time": "1733397410044000000",
      "tradeId": "6013100187596801",
      "type": "match",
      "time_received": "11:16:50.0883"
    },
    {
      "makerOrderId": "67518ba2fd80ce0007ffe5f1",
      "price": "0.0476",
      "sequence": "6013106845530113",
      "side": "buy",
      "size": "2746.7",
      "symbol": "AVAAI-USDT",
      "takerOrderId": "67518bb2a398ab000715ab53",
      "time": "1733397426445000000",
      "tradeId": "6013106845530113",
      "type": "match",
      "time_received": "11:17:06.4876"
    },
    {
      "makerOrderId": "67518bb2a398ab000715ab53",
      "price": "0.0476",
      "sequence": "6013118877546497",
      "side": "sell",
      "size": "79.1",
      "symbol": "AVAAI-USDT",
      "takerOrderId": "67518bd03ecf430007e283df",
      "time": "1733397456494000000",
      "tradeId": "6013118877546497",
      "type": "match",
      "time_received": "11:17:36.5398"
    },
    {
      "makerOrderId": "67518ba641bdfd00071d629c",
      "price": "0.04711",
      "sequence": "6013118877546500",
      "side": "sell",
      "size": "10",
      "symbol": "AVAAI-USDT",
      "takerOrderId": "67518bd03ecf430007e283df",
      "time": "1733397456494000000",
      "tradeId": "6013118877546500",
      "type": "match",
      "time_received": "11:17:36.5398"
    },
    {
      "makerOrderId": "67518b7441bdfd00071c25a5",
      "price": "0.0471",
      "sequence": "6013118877546503",
      "side": "sell",
      "size": "190.5",
      "symbol": "AVAAI-USDT",
      "takerOrderId": "67518bd03ecf430007e283df",
      "time": "1733397456494000000",
      "tradeId": "6013118877546503",
      "type": "match",
      "time_received": "11:17:36.5399"
    },
    {
      "makerOrderId": "67518a39fd80ce0007f71078",
      "price": "0.0469",
      "sequence": "6013118877546506",
      "side": "sell",
      "size": "1047.4",
      "symbol": "AVAAI-USDT",
      "takerOrderId": "67518bd03ecf430007e283df",
      "time": "1733397456494000000",
      "tradeId": "6013118877546506",
      "type": "match",
      "time_received": "11:17:36.5402"
    },
    {
      "makerOrderId": "675188a4ecb8b20007191cab",
      "price": "0.046",
      "sequence": "6013118877546509",
      "side": "sell",
      "size": "1504.8",
      "symbol": "AVAAI-USDT",
      "takerOrderId": "67518bd03ecf430007e283df",
      "time": "1733397456494000000",
      "tradeId": "6013118877546509",
      "type": "match",
      "time_received": "11:17:36.5402"
    },
    {
      "makerOrderId": "67518b71fd80ce0007feab4d",
      "price": "0.046",
      "sequence": "6013118877546512",
      "side": "sell",
      "size": "2478.1",
      "symbol": "AVAAI-USDT",
      "takerOrderId": "67518bd03ecf430007e283df",
      "time": "1733397456494000000",
      "tradeId": "6013118877546512",
      "type": "match",
      "time_received": "11:17:36.5403"
    },
    {
      "makerOrderId": "67518bda3bb37e0007f5dee0",
      "price": "0.04759",
      "sequence": "6013128390490113",
      "side": "buy",
      "size": "10",
      "symbol": "AVAAI-USDT",
      "takerOrderId": "67518bea41bdfd00071f1fba",
      "time": "1733397482425000000",
      "tradeId": "6013128390490113",
      "type": "match",
      "time_received": "11:18:02.4682"
    },
    {
      "makerOrderId": "67518bd2b1d2ab00070a3118",
      "price": "0.0476",
      "sequence": "6013128390490116",
      "side": "buy",
      "size": "63.3",
      "symbol": "AVAAI-USDT",
      "takerOrderId": "67518bea41bdfd00071f1fba",
      "time": "1733397482425000000",
      "tradeId": "6013128390490116",
      "type": "match",
      "time_received": "11:18:02.4685"
    },
    {
      "makerOrderId": "67518beb2e6b3a0007bfbb6e",
      "price": "0.04601",
      "sequence": "6013156740577281",
      "side": "sell",
      "size": "10",
      "symbol": "AVAAI-USDT",
      "takerOrderId": "67518c32ecb8b200073005e5",
      "time": "1733397554517000000",
      "tradeId": "6013156740577281",
      "type": "match",
      "time_received": "11:19:14.5596"
    },
    {
      "makerOrderId": "67518b71fd80ce0007feab4d",
      "price": "0.046",
      "sequence": "6013156740577284",
      "side": "sell",
      "size": "1003.3",
      "symbol": "AVAAI-USDT",
      "takerOrderId": "67518c32ecb8b200073005e5",
      "time": "1733397554517000000",
      "tradeId": "6013156740577284",
      "type": "match",
      "time_received": "11:19:14.5597"
    },
    {
      "makerOrderId": "67518c35fd80ce000703a732",
      "price": "0.04759",
      "sequence": "6013163688441857",
      "side": "buy",
      "size": "10",
      "symbol": "AVAAI-USDT",
      "takerOrderId": "67518c43716ab30007735ed7",
      "time": "1733397571434000000",
      "tradeId": "6013163688441857",
      "type": "match",
      "time_received": "11:19:31.4792"
    },
    {
      "makerOrderId": "67518bd2b1d2ab00070a3118",
      "price": "0.0476",
      "sequence": "6013163688441860",
      "side": "buy",
      "size": "490",
      "symbol": "AVAAI-USDT",
      "takerOrderId": "67518c43716ab30007735ed7",
      "time": "1733397571434000000",
      "tradeId": "6013163688441860",
      "type": "match",
      "time_received": "11:19:31.4793"
    }
  ]
}