     ,asks                                                                                                            ,bids                                                                                                                ,timestamp     ,time_received
   0 ,[]                                                                                                              ,"[['0.1', '52475'], ['0.05', '659058']]"                                                                            ,1732705200048 ,11:00:00.1382
   1 ,[]                                                                                                              ,"[['0.1', '73465'], ['0.05', '659058']]"                                                                            ,1732705200065 ,11:00:00.1445
   2 ,[]                                                                                                              ,"[['0.15', '6666'], ['0.1', '119949'], ['0.071', '28112.6'], ['0.07', '49000'], ['0.065', '67500']]"                ,1732705200148 ,11:00:00.1847
   3 ,[]                                                                                                              ,"[['0.15', '6666'], ['0.135', '15000'], ['0.11', '20000'], ['0.1', '255332'], ['0.09', '55555']]"                   ,1732705200246 ,11:00:00.2831
   4 ,[]                                                                                                              ,"[['1', '44'], ['0.6', '10'], ['0.15', '6666'], ['0.135', '15000'], ['0.12', '13166']]"                             ,1732705200351 ,11:00:00.3879
   5 ,[]                                                                                                              ,"[['1', '44'], ['0.6', '10'], ['0.15', '6666'], ['0.135', '15000'], ['0.12', '13166']]"                             ,1732705200460 ,11:00:00.4962
   6 ,[]                                                                                                              ,"[['1', '44'], ['0.6', '10'], ['0.15', '6666'], ['0.135', '15000'], ['0.12', '13166']]"                             ,1732705200571 ,11:00:00.6079
   7 ,[]                                                                                                              ,"[['1', '44'], ['0.6', '10'], ['0.15', '6666'], ['0.135', '15000'], ['0.12', '13166']]"                             ,1732705200672 ,11:00:00.7092
   8 ,[]                                                                                                              ,"[['1', '44'], ['0.6', '10'], ['0.15', '6666'], ['0.135', '15000'], ['0.12', '13166']]"                             ,1732705201106 ,11:00:01.1436
   9 ,[]                                                                                                              ,"[['1', '44'], ['0.6', '10'], ['0.15', '6666'], ['0.135', '15000'], ['0.12', '13166']]"                             ,1732705201318 ,11:00:01.3549
  10 ,[]                                                                                                              ,"[['1', '44'], ['0.6', '10'], ['0.15', '6666'], ['0.135', '15000'], ['0.12', '13166']]"                             ,1732705201427 ,11:00:01.4635
  11 ,[]                                                                                                              ,"[['1', '44'], ['0.6', '10'], ['0.15', '6666'], ['0.135', '15000'], ['0.12', '13166']]"                             ,1732705201857 ,11:00:01.9124
  12 ,[]                                                                                                              ,"[['1', '44'], ['0.6', '10'], ['0.15', '6666'], ['0.135', '15000'], ['0.12', '13166']]"                             ,1732705202084 ,11:00:02.1216
  13 ,[]                                                                                                              ,"[['1', '44'], ['0.6', '10'], ['0.15', '6666'], ['0.135', '15000'], ['0.12', '13166']]"                             ,1732705202202 ,11:00:02.2391
  14 ,[]                                                                                                              ,"[['1', '44'], ['0.6', '10'], ['0.15', '6666'], ['0.135', '15000'], ['0.12', '13166']]"                             ,1732705202300 ,11:00:02.3376
  15 ,[]                                                                                                              ,"[['1', '44'], ['0.6', '10'], ['0.15', '6666'], ['0.135', '15000'], ['0.11', '20140']]"                             ,1732705202510 ,11:00:02.5474
  16 ,[]                                                                                                              ,"[['1', '44'], ['0.6', '10'], ['0.15', '6666'], ['0.135', '15000'], ['0.11', '20140']]"                             ,1732705202611 ,11:00:02.6479
  17 ,[]                                                                                                              ,"[['1', '44'], ['0.6', '10'], ['0.15', '6666'], ['0.135', '15000'], ['0.11', '20140']]"                             ,1732705202822 ,11:00:02.8628
  18 ,[]                                                                                                              ,"[['1', '44'], ['0.6', '10'], ['0.15', '6666'], ['0.135', '15000'], ['0.11', '20140']]"                             ,1732705203330 ,11:00:03.3678
  19 ,[]                                                                                                              ,"[['1', '44'], ['0.6', '10'], ['0.15', '6666'], ['0.135', '15000'], ['0.11', '20140']]"                             ,1732705203438 ,11:00:03.4779
  20 ,[]                                                                                                              ,"[['1', '44'], ['0.6', '10'], ['0.15', '6666'], ['0.11', '20140'], ['0.1', '190586']]"                              ,1732705203647 ,11:00:03.6844
  21 ,[]                                                                                                              ,"[['1', '44'], ['0.6', '10'], ['0.15', '6666'], ['0.11', '20140'], ['0.1', '183227']]"                              ,1732705203887 ,11:00:03.9237
  22 ,[]                                                                                                              ,"[['1', '44'], ['0.6', '10'], ['0.15', '6666'], ['0.11', '20140'], ['0.1', '168228']]"                              ,1732705204639 ,11:00:04.6759
  23 ,[]                                                                                                              ,"[['1', '44'], ['0.6', '10'], ['0.15', '6666'], ['0.11', '20140'], ['0.1', '168228']]"                              ,1732705204747 ,11:00:04.7842
  24 ,[]                                                                                                              ,"[['1', '44'], ['0.6', '10'], ['0.15', '6666'], ['0.11', '20140'], ['0.1', '138229']]"                              ,1732705204966 ,11:00:05.0041
  25 ,[]                                                                                                              ,"[['1', '44'], ['0.6', '10'], ['0.11', '20140'], ['0.1', '138229'], ['0.06', '10100']]"                             ,1732705205385 ,11:00:05.4225
  26 ,[]                                                                                                              ,"[['1', '44'], ['0.6', '10'], ['0.11', '20140'], ['0.1', '138229'], ['0.06', '10100']]"                             ,1732705205602 ,11:00:05.6387
  27 ,[]                                                                                                              ,"[['1', '44'], ['0.6', '10'], ['0.11', '20140'], ['0.1', '138229'], ['0.06', '10100']]"                             ,1732705206120 ,11:00:06.1571
  28 ,[]                                                                                                              ,"[['1', '44'], ['0.6', '10'], ['0.11', '20140'], ['0.1', '138229'], ['0.06', '10100']]"                             ,1732705206527 ,11:00:06.5639
  29 ,[]                                                                                                              ,"[['1', '44'], ['0.6', '10'], ['0.11', '20140'], ['0.1', '116230'], ['0.06', '10100']]"                             ,1732705206641 ,11:00:06.6786
  30 ,[]                                                                                                              ,"[['1', '44'], ['0.6', '10'], ['0.156', '64.1'], ['0.11', '140'], ['0.1', '116230']]"                               ,1732705206742 ,11:00:06.7796
  31 ,[]                                                                                                              ,"[['1', '44'], ['0.6', '10'], ['0.156', '128.2'], ['0.11', '140'], ['0.1008', '19841.2']]"                          ,1732705207497 ,11:00:07.5336
  32 ,"[['1', '9826.3']]"                                                                                             ,"[['0.6', '10'], ['0.156', '128.2'], ['0.11', '140'], ['0.1008', '19841.2'], ['0.1', '116230']]"                    ,1732705207600 ,11:00:07.6372
  33 ,"[['1', '9826.3']]"                                                                                             ,"[['0.6', '10'], ['0.11', '140'], ['0.1008', '19841.2'], ['0.1', '116230'], ['0.06', '10100']]"                     ,1732705207707 ,11:00:07.7444
  34 ,"[['1', '9826.3']]"                                                                                             ,"[['0.6', '10'], ['0.11', '140'], ['0.1008', '19841.2'], ['0.1', '116230'], ['0.06', '10100']]"                     ,1732705207933 ,11:00:07.9701
  35 ,"[['1', '9826.3']]"                                                                                             ,"[['0.6', '10'], ['0.1638', '12210'], ['0.11', '140'], ['0.1008', '19841.2'], ['0.1', '116230']]"                   ,1732705208030 ,11:00:08.0671
  36 ,"[['1', '9826.3']]"                                                                                             ,"[['0.6', '10'], ['0.1638', '12210'], ['0.11', '140'], ['0.1008', '19841.2'], ['0.1', '116230']]"                   ,1732705208151 ,11:00:08.1887
  37 ,"[['1', '9560.8']]"                                                                                             ,"[['0.6', '10'], ['0.1638', '12210'], ['0.11', '140'], ['0.1008', '19841.2'], ['0.1', '116230']]"                   ,1732705208256 ,11:00:08.2930
  38 ,"[['1', '9560.8']]"                                                                                             ,"[['0.6', '10'], ['0.1638', '12210'], ['0.11', '140'], ['0.1008', '19841.2'], ['0.1', '116230']]"                   ,1732705208367 ,11:00:08.4041
  39 ,"[['1', '9560.8']]"                                                                                             ,"[['0.6', '10'], ['0.1638', '12210'], ['0.11', '140'], ['0.10083', '370.3'], ['0.1008', '19841.2']]"                ,1732705208902 ,11:00:08.9392
  40 ,"[['1', '9560.8']]"                                                                                             ,"[['0.6', '10'], ['0.32125', '125'], ['0.1638', '12210'], ['0.11', '140'], ['0.10083', '370.3']]"                   ,1732705209008 ,11:00:09.0448
  41 ,"[['1', '9560.8']]"                                                                                             ,"[['0.6', '10'], ['0.32125', '125'], ['0.1638', '12210'], ['0.11', '140'], ['0.10083', '370.3']]"                   ,1732705209108 ,11:00:09.1453
  42 ,"[['1', '9560.8']]"                                                                                             ,"[['0.6', '10'], ['0.32125', '125'], ['0.1638', '12210'], ['0.117', '427.3'], ['0.11', '140']]"                     ,1732705209215 ,11:00:09.2513
  43 ,"[['1', '9560.8']]"                                                                                             ,"[['0.6', '10'], ['0.32125', '125'], ['0.1638', '12210'], ['0.117', '427.3'], ['0.114', '438.5']]"                  ,1732705209317 ,11:00:09.3541
  44 ,"[['1', '9560.8']]"                                                                                             ,"[['0.6', '10'], ['0.32125', '125'], ['0.117', '427.3'], ['0.114', '438.5'], ['0.11001', '557']]"                   ,1732705209422 ,11:00:09.4585
  45 ,"[['1', '9560.8']]"                                                                                             ,"[['0.60001', '125'], ['0.6', '10'], ['0.16383', '227.9'], ['0.15', '333.3'], ['0.117', '427.3']]"                  ,1732705209524 ,11:00:09.5601
  46 ,"[['1', '9560.8']]"                                                                                             ,"[['0.60001', '187.5'], ['0.6', '10'], ['0.16383', '227.9'], ['0.15', '333.3'], ['0.117', '427.3']]"                ,1732705209624 ,11:00:09.6608
  47 ,"[['1', '9560.8']]"                                                                                             ,"[['0.60001', '187.5'], ['0.6', '10'], ['0.171', '292.3'], ['0.16383', '227.9'], ['0.15', '333.3']]"                ,1732705209835 ,11:00:09.8717
  48 ,"[['1', '9560.8']]"                                                                                             ,"[['0.60001', '187.5'], ['0.6', '10'], ['0.171', '292.3'], ['0.15', '333.3'], ['0.117', '427.3']]"                  ,1732705209947 ,11:00:09.9837
  49 ,"[['1', '9560.8']]"                                                                                             ,"[['0.60002', '187.5'], ['0.6', '10'], ['0.171', '292.3'], ['0.15', '333.3'], ['0.117', '427.3']]"                  ,1732705210044 ,11:00:10.0814
  50 ,"[['1', '9560.8']]"                                                                                             ,"[['0.60002', '187.5'], ['0.6', '10'], ['0.171', '292.3'], ['0.15', '333.3'], ['0.117', '427.3']]"                  ,1732705210150 ,11:00:10.1862
  51 ,"[['1', '9560.8']]"                                                                                             ,"[['0.60002', '187.5'], ['0.6', '10'], ['0.171', '292.3'], ['0.15', '333.3'], ['0.117', '427.3']]"                  ,1732705210272 ,11:00:10.3091
  52 ,"[['1', '9560.8']]"                                                                                             ,"[['0.60002', '187.5'], ['0.6', '10'], ['0.171', '292.3'], ['0.15', '333.3'], ['0.117', '427.3']]"                  ,1732705210609 ,11:00:10.6460
  53 ,"[['1', '9560.8']]"                                                                                             ,"[['0.60003', '125'], ['0.6', '10'], ['0.171', '292.3'], ['0.15', '333.3'], ['0.117', '427.3']]"                    ,1732705210719 ,11:00:10.7562
  54 ,"[['1', '9560.8']]"                                                                                             ,"[['0.60003', '187.5'], ['0.6', '10'], ['0.171', '292.3'], ['0.15', '333.3'], ['0.117', '427.3']]"                  ,1732705210820 ,11:00:10.8576
  55 ,"[['1', '9560.8']]"                                                                                             ,"[['0.60003', '187.5'], ['0.6', '10'], ['0.171', '292.3'], ['0.15', '333.3'], ['0.117', '427.3']]"                  ,1732705210924 ,11:00:10.9608
  56 ,"[['1', '9560.8']]"                                                                                             ,"[['0.60003', '187.5'], ['0.6', '10'], ['0.1725', '5797'], ['0.171', '292.3'], ['0.15', '333.3']]"                  ,1732705211028 ,11:00:11.0654
  57 ,"[['1', '9560.8']]"                                                                                             ,"[['0.60003', '187.5'], ['0.6', '10'], ['0.1725', '5797'], ['0.11001', '557'], ['0.11', '140']]"                    ,1732705211132 ,11:00:11.1686
  58 ,"[['1', '9560.8']]"                                                                                             ,"[['0.60004', '187.5'], ['0.6', '111.5'], ['0.1725', '5797'], ['0.11001', '557'], ['0.11', '140']]"                 ,1732705211235 ,11:00:11.2722
  59 ,"[['1', '9560.8']]"                                                                                             ,"[['0.60004', '187.5'], ['0.6', '111.5'], ['0.1725', '5797'], ['0.11001', '557'], ['0.11', '140']]"                 ,1732705211338 ,11:00:11.3751
  60 ,"[['1', '9560.8']]"                                                                                             ,"[['0.60004', '187.5'], ['0.6', '111.5'], ['0.12', '416.6'], ['0.11001', '557'], ['0.11', '140']]"                  ,1732705211554 ,11:00:11.5909
  61 ,"[['1', '9560.8']]"                                                                                             ,"[['0.60004', '187.5'], ['0.6', '111.5'], ['0.12', '416.6'], ['0.114', '438.5'], ['0.11001', '557']]"               ,1732705211764 ,11:00:11.8014
  62 ,"[['1', '9560.8']]"                                                                                             ,"[['0.60005', '187.5'], ['0.6', '111.5'], ['0.12', '416.6'], ['0.114', '438.5'], ['0.11001', '557']]"               ,1732705211864 ,11:00:11.9013
  63 ,"[['1', '9560.8']]"                                                                                             ,"[['0.9888', '10.1'], ['0.60005', '187.5'], ['0.6', '111.5'], ['0.12', '416.6'], ['0.114', '438.5']]"               ,1732705211962 ,11:00:11.9993
  64 ,"[['1', '9560.8']]"                                                                                             ,"[['0.9888', '10.1'], ['0.60005', '187.5'], ['0.6', '111.5'], ['0.12', '416.6'], ['0.114', '438.5']]"               ,1732705212074 ,11:00:12.1106
  65 ,"[['1', '9560.8']]"                                                                                             ,"[['0.9888', '10.1'], ['0.60005', '187.5'], ['0.6', '111.5'], ['0.12', '416.6'], ['0.114', '438.5']]"               ,1732705212178 ,11:00:12.2175
  66 ,"[['1', '9560.8']]"                                                                                             ,"[['0.9888', '10.1'], ['0.60005', '187.5'], ['0.6', '111.5'], ['0.12', '416.6'], ['0.115', '8695']]"                ,1732705212394 ,11:00:12.4311
  67 ,"[['1', '9560.8']]"                                                                                             ,"[['0.9888', '10.1'], ['0.60006', '50.3'], ['0.60005', '62.5'], ['0.6', '111.5'], ['0.12', '416.6']]"               ,1732705212499 ,11:00:12.5359
  68 ,"[['1', '9560.8']]"                                                                                             ,"[['0.9888', '10.1'], ['0.60006', '150.9'], ['0.6', '111.5'], ['0.132', '378.7'], ['0.12', '416.6']]"               ,1732705212601 ,11:00:12.6382
  69 ,"[['1', '9560.8']]"                                                                                             ,"[['0.9888', '10.1'], ['0.60006', '150.9'], ['0.6', '111.5'], ['0.132', '378.7'], ['0.123', '406.5']]"              ,1732705212813 ,11:00:12.8510
  70 ,"[['1', '9560.8']]"                                                                                             ,"[['0.9888', '10.1'], ['0.60006', '150.9'], ['0.6', '111.5'], ['0.144', '347.2'], ['0.132', '378.7']]"              ,1732705213556 ,11:00:13.5929
  71 ,"[['1', '9560.8']]"                                                                                             ,"[['0.9888', '10.1'], ['0.60007', '150.9'], ['0.6', '111.5'], ['0.144', '347.2'], ['0.132', '378.7']]"              ,1732705213657 ,11:00:13.6944
  72 ,"[['1', '9560.8']]"                                                                                             ,"[['0.9888', '10.1'], ['0.60007', '150.9'], ['0.6', '111.5'], ['0.147', '340.1'], ['0.144', '347.2']]"              ,1732705213762 ,11:00:13.7988
  73 ,"[['1', '9560.8']]"                                                                                             ,"[['0.9888', '10.1'], ['0.60007', '150.9'], ['0.6', '111.5'], ['0.153', '326.7'], ['0.147', '340.1']]"              ,1732705213871 ,11:00:13.9079
  74 ,"[['1', '9560.8']]"                                                                                             ,"[['0.9888', '10.1'], ['0.60007', '150.9'], ['0.6', '111.5'], ['0.153', '326.7'], ['0.147', '340.1']]"              ,1732705214090 ,11:00:14.1268
  75 ,"[['1', '9560.8']]"                                                                                             ,"[['0.9888', '10.1'], ['0.60008', '150.9'], ['0.6', '111.5'], ['0.153', '326.7'], ['0.147', '340.1']]"              ,1732705214191 ,11:00:14.2284
  76 ,"[['1', '9560.8']]"                                                                                             ,"[['0.98901', '65.7'], ['0.9888', '10.1'], ['0.60008', '150.9'], ['0.6', '111.5'], ['0.153', '326.7']]"             ,1732705214291 ,11:00:14.3276
  77 ,"[['1', '9560.8']]"                                                                                             ,"[['0.98901', '65.7'], ['0.9888', '10.1'], ['0.60008', '150.9'], ['0.6', '111.5'], ['0.32', '1562.5']]"             ,1732705214404 ,11:00:14.4405
  78 ,"[['1', '9560.8']]"                                                                                             ,"[['0.98901', '65.7'], ['0.9888', '10.1'], ['0.60008', '150.9'], ['0.6', '2502.6'], ['0.32', '1562.5']]"            ,1732705214618 ,11:00:14.6553
  79 ,"[['1', '9560.8']]"                                                                                             ,"[['0.98901', '65.7'], ['0.9888', '10.1'], ['0.60009', '150.9'], ['0.6', '2502.6'], ['0.32', '1562.5']]"            ,1732705214724 ,11:00:14.7611
  80 ,"[['1', '9560.8']]"                                                                                             ,"[['0.9888', '10.1'], ['0.60009', '150.9'], ['0.6', '2401.1'], ['0.32', '1562.5'], ['0.153', '326.7']]"             ,1732705214826 ,11:00:14.8624
  81 ,"[['1', '9560.8']]"                                                                                             ,"[['0.9888', '10.1'], ['0.60009', '150.9'], ['0.6', '2401.1'], ['0.32', '1562.5'], ['0.153', '326.7']]"             ,1732705214945 ,11:00:14.9822
  82 ,"[['1', '9560.8']]"                                                                                             ,"[['0.9888', '10.1'], ['0.60009', '150.9'], ['0.6', '2401.1'], ['0.32', '1562.5'], ['0.153', '326.7']]"             ,1732705215249 ,11:00:15.2865
  83 ,"[['1', '9560.8']]"                                                                                             ,"[['0.6001', '150.9'], ['0.6', '2401.1'], ['0.32', '1562.5'], ['0.162', '308.6'], ['0.153', '326.7']]"              ,1732705215359 ,11:00:15.3964
  84 ,"[['1', '9560.8']]"                                                                                             ,"[['0.6001', '150.9'], ['0.6', '2401.1'], ['0.32', '1562.5'], ['0.162', '308.6'], ['0.153', '326.7']]"              ,1732705215464 ,11:00:15.5010
  85 ,"[['1', '9261.4']]"                                                                                             ,"[['0.6001', '150.9'], ['0.6', '2401.1'], ['0.32', '1562.5'], ['0.162', '308.6'], ['0.153', '326.7']]"              ,1732705215565 ,11:00:15.6021
  86 ,"[['1', '9261.4']]"                                                                                             ,"[['0.6001', '150.9'], ['0.6', '2401.1'], ['0.32', '1562.5'], ['0.162', '308.6'], ['0.153', '326.7']]"              ,1732705215671 ,11:00:15.7075
  87 ,"[['1', '9261.4']]"                                                                                             ,"[['0.9576', '26.1'], ['0.6001', '150.9'], ['0.6', '2401.1'], ['0.32', '1562.5'], ['0.162', '308.6']]"              ,1732705215876 ,11:00:15.9124
  88 ,"[['1', '9261.4']]"                                                                                             ,"[['0.9576', '26.1'], ['0.93765', '153.3'], ['0.6', '2401.1'], ['0.32', '1562.5'], ['0.162', '308.6']]"             ,1732705215974 ,11:00:16.0110
  89 ,"[['1', '9261.4']]"                                                                                             ,"[['0.9576', '26.1'], ['0.93765', '153.3'], ['0.6', '2401.1'], ['0.32', '1562.5'], ['0.162', '308.6']]"             ,1732705216097 ,11:00:16.1335
  90 ,"[['1', '8762.8']]"                                                                                             ,"[['0.9639', '67.4'], ['0.9576', '26.1'], ['0.93765', '153.3'], ['0.6', '2401.1'], ['0.32', '1562.5']]"             ,1732705216200 ,11:00:16.2363
  91 ,"[['1', '8512.8']]"                                                                                             ,"[['0.9639', '67.4'], ['0.9576', '26.1'], ['0.93765', '153.3'], ['0.6', '2401.1'], ['0.32', '1562.5']]"             ,1732705216533 ,11:00:16.5700
  92 ,"[['1', '8512.8']]"                                                                                             ,"[['0.9639', '67.4'], ['0.9576', '26.1'], ['0.9443', '152.7'], ['0.6', '2401.1'], ['0.32', '1562.5']]"              ,1732705216641 ,11:00:16.6780
  93 ,"[['1', '8482.7']]"                                                                                             ,"[['0.9639', '67.4'], ['0.9576', '26.1'], ['0.9443', '152.7'], ['0.6', '2401.1'], ['0.32', '1562.5']]"              ,1732705216746 ,11:00:16.7831
  94 ,"[['1', '8482.7']]"                                                                                             ,"[['0.9639', '67.4'], ['0.9576', '26.1'], ['0.9443', '152.7'], ['0.6', '2401.1'], ['0.32', '1562.5']]"              ,1732705216847 ,11:00:16.8841
  95 ,"[['1', '8232.7']]"                                                                                             ,"[['0.9639', '67.4'], ['0.9576', '26.1'], ['0.9443', '152.7'], ['0.6', '2401.1'], ['0.32', '1562.5']]"              ,1732705216951 ,11:00:16.9879
  96 ,"[['1', '8232.7']]"                                                                                             ,"[['0.9639', '67.4'], ['0.9576', '26.1'], ['0.9443', '152.7'], ['0.6', '2401.1'], ['0.32', '1562.5']]"              ,1732705217178 ,11:00:17.2152
  97 ,"[['1', '7982.7']]"                                                                                             ,"[['0.9576', '26.1'], ['0.95083', '152.7'], ['0.6', '2401.1'], ['0.32', '1562.5'], ['0.162', '308.6']]"             ,1732705217281 ,11:00:17.3182
  98 ,"[['1', '7952.2']]"                                                                                             ,"[['0.9576', '26.1'], ['0.95083', '152.7'], ['0.6', '2401.1'], ['0.162', '308.6'], ['0.153', '326.7']]"             ,1732705217604 ,11:00:17.6413
  99 ,"[['1', '7952.2']]"                                                                                             ,"[['0.992', '100.8'], ['0.9576', '26.1'], ['0.95083', '152.7'], ['0.6', '2401.1'], ['0.162', '308.6']]"             ,1732705217707 ,11:00:17.7447
 100 ,"[['1', '7952.2']]"                                                                                             ,"[['0.992', '100.8'], ['0.9576', '26.1'], ['0.95519', '100.4'], ['0.6', '2401.1'], ['0.162', '308.6']]"             ,1732705217808 ,11:00:17.8450
 101 ,"[['1', '7270.2']]"                                                                                             ,"[['0.992', '100.8'], ['0.9576', '26.1'], ['0.95519', '150.6'], ['0.6', '2401.1'], ['0.162', '308.6']]"             ,1732705217925 ,11:00:17.9616
 102 ,"[['1', '7270.2']]"                                                                                             ,"[['0.992', '100.8'], ['0.95985', '67.7'], ['0.9576', '26.1'], ['0.95519', '150.6'], ['0.6', '2401.1']]"            ,1732705218026 ,11:00:18.0630
 103 ,"[['1', '7270.2']]"                                                                                             ,"[['0.992', '100.8'], ['0.95985', '67.7'], ['0.9576', '26.1'], ['0.95519', '150.6'], ['0.6', '2401.1']]"            ,1732705218270 ,11:00:18.3073
 104 ,"[['1', '7270.2']]"                                                                                             ,"[['0.992', '100.8'], ['0.95986', '150.6'], ['0.95985', '67.7'], ['0.9576', '26.1'], ['0.6', '2401.1']]"            ,1732705218382 ,11:00:18.4194
 105 ,"[['1', '7174']]"                                                                                               ,"[['0.992', '100.8'], ['0.95986', '150.6'], ['0.95985', '67.7'], ['0.9576', '26.1'], ['0.6', '2401.1']]"            ,1732705218592 ,11:00:18.6288
 106 ,"[['1', '7027.9']]"                                                                                             ,"[['0.992', '100.8'], ['0.95986', '150.6'], ['0.95985', '67.7'], ['0.9576', '26.1'], ['0.6', '2401.1']]"            ,1732705218795 ,11:00:18.8322
 107 ,"[['1', '6978.1']]"                                                                                             ,"[['0.992', '100.8'], ['0.95987', '150.6'], ['0.95985', '67.7'], ['0.9576', '26.1'], ['0.6', '2401.1']]"            ,1732705218901 ,11:00:18.9374
 108 ,"[['1', '6928.3']]"                                                                                             ,"[['0.95987', '150.6'], ['0.95985', '67.7'], ['0.9576', '26.1'], ['0.6', '2401.1'], ['0.162', '308.6']]"            ,1732705219000 ,11:00:19.0364
 109 ,"[['1', '6928.3']]"                                                                                             ,"[['0.95987', '150.6'], ['0.95985', '67.7'], ['0.9576', '26.1'], ['0.6', '2401.1'], ['0.162', '308.6']]"            ,1732705219118 ,11:00:19.1551
 110 ,"[['1', '6928.3']]"                                                                                             ,"[['0.95987', '150.6'], ['0.95985', '67.7'], ['0.9576', '26.1'], ['0.6', '2401.1'], ['0.162', '308.6']]"            ,1732705219221 ,11:00:19.2582
 111 ,"[['1', '6928.3']]"                                                                                             ,"[['0.95987', '150.6'], ['0.95985', '67.7'], ['0.9576', '26.1'], ['0.6', '2401.1'], ['0.162', '308.6']]"            ,1732705219531 ,11:00:19.5681
 112 ,"[['1', '6928.3']]"                                                                                             ,"[['0.95988', '153'], ['0.95985', '67.7'], ['0.9576', '26.1'], ['0.6555', '1525'], ['0.60002', '185']]"             ,1732705219638 ,11:00:19.6750
 113 ,"[['1', '6928.3']]"                                                                                             ,"[['0.95988', '153'], ['0.95985', '67.7'], ['0.9576', '26.1'], ['0.6555', '1525'], ['0.60002', '185']]"             ,1732705219739 ,11:00:19.7755
 114 ,"[['1', '6928.3']]"                                                                                             ,"[['0.95988', '153'], ['0.95985', '67.7'], ['0.9576', '26.1'], ['0.6555', '1525'], ['0.60002', '185']]"             ,1732705219947 ,11:00:19.9835
 115 ,"[['1', '6678.3']]"                                                                                             ,"[['0.95988', '153'], ['0.95985', '67.7'], ['0.9576', '26.1'], ['0.6555', '1525'], ['0.60002', '185']]"             ,1732705220269 ,11:00:20.3062
 116 ,"[['1', '6678.3']]"                                                                                             ,"[['0.95989', '153'], ['0.95985', '67.7'], ['0.9576', '26.1'], ['0.6555', '1525'], ['0.60002', '185']]"             ,1732705220378 ,11:00:20.4142
 117 ,"[['1', '6678.3']]"                                                                                             ,"[['0.95989', '153'], ['0.95985', '67.7'], ['0.9576', '26.1'], ['0.6555', '1525'], ['0.60002', '185']]"             ,1732705220480 ,11:00:20.5174
 118 ,"[['1', '6678.3']]"                                                                                             ,"[['0.95989', '153'], ['0.95985', '67.7'], ['0.9576', '26.1'], ['0.6555', '1525'], ['0.60002', '185']]"             ,1732705220581 ,11:00:20.6183
 119 ,"[['1', '6678.3']]"                                                                                             ,"[['0.95989', '153'], ['0.95985', '67.7'], ['0.9576', '26.1'], ['0.6555', '1525'], ['0.60002', '185']]"             ,1732705221208 ,11:00:21.2446
 120 ,"[['1', '6678.3']]"                                                                                             ,"[['0.9599', '153'], ['0.95985', '67.7'], ['0.9576', '26.1'], ['0.6555', '1525'], ['0.60002', '185']]"              ,1732705221327 ,11:00:21.3637
 121 ,"[['1', '6678.3']]"                                                                                             ,"[['0.9995', '50'], ['0.9599', '153'], ['0.95985', '67.7'], ['0.9576', '26.1'], ['0.6555', '1525']]"                ,1732705221543 ,11:00:21.5795
 122 ,"[['1', '6668.3']]"                                                                                             ,"[['0.9995', '50'], ['0.9599', '153'], ['0.95985', '67.7'], ['0.9576', '26.1'], ['0.6555', '1525']]"                ,1732705221653 ,11:00:21.6895
 123 ,"[['1', '6418.3']]"                                                                                             ,"[['0.9995', '50'], ['0.9599', '153'], ['0.95985', '67.7'], ['0.9576', '26.1'], ['0.6555', '1525']]"                ,1732705221750 ,11:00:21.7870
 124 ,"[['1', '6418.3']]"                                                                                             ,"[['0.9995', '50'], ['0.95991', '100'], ['0.95985', '67.7'], ['0.9576', '26.1'], ['0.6555', '1525']]"               ,1732705221850 ,11:00:21.8868
 125 ,"[['1', '6418.3']]"                                                                                             ,"[['0.9995', '50'], ['0.95991', '150'], ['0.95985', '67.7'], ['0.9576', '26.1'], ['0.6555', '1525']]"               ,1732705221947 ,11:00:21.9841
 126 ,"[['1', '6368.3']]"                                                                                             ,"[['0.9995', '50'], ['0.95991', '150'], ['0.95985', '67.7'], ['0.9576', '26.1'], ['0.6555', '1525']]"               ,1732705222159 ,11:00:22.1954
 127 ,"[['1', '5391.5']]"                                                                                             ,"[['0.9995', '50'], ['0.95991', '150'], ['0.95985', '67.7'], ['0.9576', '26.1'], ['0.6555', '1525']]"               ,1732705222581 ,11:00:22.6181
 128 ,"[['1', '5391.5']]"                                                                                             ,"[['0.9995', '50'], ['0.95992', '150'], ['0.95985', '67.7'], ['0.9576', '26.1'], ['0.6555', '1525']]"               ,1732705222681 ,11:00:22.7183
 129 ,"[['1', '5391.5']]"                                                                                             ,"[['0.9995', '50'], ['0.95992', '150'], ['0.95985', '67.7'], ['0.9576', '26.1'], ['0.6555', '1525']]"               ,1732705222894 ,11:00:22.9303
 130 ,[]                                                                                                              ,"[['0.9995', '50'], ['0.95992', '150'], ['0.95985', '67.7'], ['0.9576', '26.1'], ['0.6555', '1525']]"               ,1732705223245 ,11:00:23.2818
 131 ,[]                                                                                                              ,"[['0.9995', '50'], ['0.95992', '150'], ['0.95985', '67.7'], ['0.9576', '26.1'], ['0.6555', '1525']]"               ,1732705223350 ,11:00:23.3865
 132 ,[]                                                                                                              ,"[['0.9995', '50'], ['0.9636', '41.5'], ['0.95992', '150'], ['0.95985', '67.7'], ['0.6555', '1525']]"               ,1732705223792 ,11:00:23.8286
 133 ,[]                                                                                                              ,"[['1.0044', '133.5'], ['0.9995', '50'], ['0.9636', '41.5'], ['0.95992', '150'], ['0.95985', '67.7']]"              ,1732705223892 ,11:00:23.9286
 134 ,[]                                                                                                              ,"[['1.00854', '178.7'], ['1.0044', '133.5'], ['1.003', '24.9'], ['0.9995', '50'], ['0.9636', '41.5']]"              ,1732705224000 ,11:00:24.0366
 135 ,[]                                                                                                              ,"[['1.00854', '178.7'], ['1.0044', '133.5'], ['1.003', '24.9'], ['0.9995', '50'], ['0.9636', '41.5']]"              ,1732705224106 ,11:00:24.1427
 136 ,[]                                                                                                              ,"[['1.00854', '178.7'], ['1.0044', '133.5'], ['1.00302', '498.4'], ['1.003', '24.9'], ['0.9995', '50']]"            ,1732705224204 ,11:00:24.2409
 137 ,[]                                                                                                              ,"[['1.00854', '178.7'], ['1.0044', '133.5'], ['1.00302', '498.4'], ['1.003', '24.9'], ['1', '157.4']]"              ,1732705224325 ,11:00:24.3616
 138 ,[]                                                                                                              ,"[['1.00854', '178.7'], ['1.0044', '133.5'], ['1.00302', '498.4'], ['1.003', '24.9'], ['1', '185.6']]"              ,1732705224539 ,11:00:24.5759
 139 ,[]                                                                                                              ,"[['1.00854', '178.7'], ['1.0044', '133.5'], ['1.00302', '498.4'], ['1.003', '24.9'], ['1.00035', '499.8']]"        ,1732705224649 ,11:00:24.6861
 140 ,"[['1.15713', '299.4']]"                                                                                        ,"[['1.00949', '49.5'], ['1.00854', '178.7'], ['1.0044', '133.5'], ['1.00302', '498.4'], ['1.003', '24.9']]"         ,1732705224762 ,11:00:24.7985
 141 ,"[['1.15713', '299.4']]"                                                                                        ,"[['1.00949', '49.5'], ['1.00854', '178.7'], ['1.0044', '133.5'], ['1.00302', '498.4'], ['1.003', '24.9']]"         ,1732705224876 ,11:00:24.9132
 142 ,"[['1.15713', '299.4']]"                                                                                        ,"[['1.00949', '49.5'], ['1.00854', '178.7'], ['1.0044', '133.5'], ['1.003', '24.9'], ['1.00035', '499.8']]"         ,1732705224991 ,11:00:25.0277
 143 ,"[['1.15713', '299.4']]"                                                                                        ,"[['1.00949', '49.5'], ['1.00854', '178.7'], ['1.0044', '133.5'], ['1.003', '24.9'], ['1.00035', '499.8']]"         ,1732705225115 ,11:00:25.1521
 144 ,"[['1.15713', '299.4']]"                                                                                        ,"[['1.00949', '49.5'], ['1.0092', '99'], ['1.00854', '178.7'], ['1.0044', '133.5'], ['1.003', '24.9']]"             ,1732705225228 ,11:00:25.2656
 145 ,"[['1.15713', '299.4']]"                                                                                        ,"[['1.02578', '194.9'], ['1.00949', '49.5'], ['1.0092', '99'], ['1.00857', '37'], ['1.00854', '178.7']]"            ,1732705225337 ,11:00:25.3735
 146 ,"[['1.15713', '299.4']]"                                                                                        ,"[['1.02578', '194.9'], ['1.00949', '49.5'], ['1.0092', '99'], ['1.00857', '37'], ['1.00854', '178.7']]"            ,1732705225435 ,11:00:25.4721
 147 ,"[['1.15713', '299.4']]"                                                                                        ,"[['1.02578', '194.9'], ['1.00949', '49.5'], ['1.0092', '99'], ['1.00857', '37'], ['1.00854', '178.7']]"            ,1732705225531 ,11:00:25.5678
 148 ,"[['1.15713', '299.4']]"                                                                                        ,"[['1.02578', '194.9'], ['1.0184', '490.9'], ['1.00949', '49.5'], ['1.0092', '99'], ['1.00854', '178.7']]"          ,1732705225635 ,11:00:25.6720
 149 ,"[['1.15713', '299.4']]"                                                                                        ,"[['1.02578', '194.9'], ['1.0184', '490.9'], ['1.00949', '49.5'], ['1.0092', '99'], ['1.00854', '178.7']]"          ,1732705225737 ,11:00:25.7741
 150 ,"[['1.15713', '218.5']]"                                                                                        ,"[['1.02578', '194.9'], ['1.0184', '490.9'], ['1.00949', '49.5'], ['1.0092', '99'], ['1.00854', '178.7']]"          ,1732705225839 ,11:00:25.8764
 151 ,"[['1.15713', '218.5']]"                                                                                        ,"[['1.02578', '194.9'], ['1.0184', '490.9'], ['1.00949', '49.5'], ['1.0092', '99'], ['1.00854', '178.7']]"          ,1732705225947 ,11:00:25.9840
 152 ,[]                                                                                                              ,"[['1.02578', '194.9'], ['1.0184', '490.9'], ['1.00949', '49.5'], ['1.0092', '99'], ['1.00854', '178.7']]"          ,1732705226053 ,11:00:26.0899
 153 ,[]                                                                                                              ,"[['1.02578', '194.9'], ['1.0184', '490.9'], ['1.00949', '49.5'], ['1.0092', '99'], ['1.00854', '178.7']]"          ,1732705226155 ,11:00:26.1928
 154 ,[]                                                                                                              ,"[['1.02578', '194.9'], ['1.0184', '490.9'], ['1.00949', '49.5'], ['1.0092', '99'], ['1.00854', '178.7']]"          ,1732705226256 ,11:00:26.2926
 155 ,[]                                                                                                              ,"[['1.02578', '194.9'], ['1.0184', '490.9'], ['1.00949', '49.5'], ['1.0092', '99'], ['1.00854', '178.7']]"          ,1732705226362 ,11:00:26.3985
 156 ,[]                                                                                                              ,"[['1.02578', '194.9'], ['1.0184', '490.9'], ['1.0092', '99'], ['1.00854', '178.7'], ['1.0039', '137.4']]"          ,1732705226469 ,11:00:26.5056
 157 ,[]                                                                                                              ,"[['1.02578', '194.9'], ['1.01843', '36.6'], ['1.0092', '99'], ['1.00854', '178.7'], ['1.0039', '137.4']]"          ,1732705226589 ,11:00:26.6255
 158 ,[]                                                                                                              ,"[['1.02578', '194.9'], ['1.0242', '24.4'], ['1.01843', '36.6'], ['1.0092', '99'], ['1.00854', '178.7']]"           ,1732705226693 ,11:00:26.7311
 159 ,[]                                                                                                              ,"[['1.037', '54.9'], ['1.02719', '48.6'], ['1.02578', '194.9'], ['1.0242', '24.4'], ['1.01843', '36.6']]"           ,1732705226802 ,11:00:26.8395
 160 ,[]                                                                                                              ,"[['1.037', '54.9'], ['1.02719', '48.6'], ['1.02578', '194.9'], ['1.0242', '24.4'], ['1.01843', '36.6']]"           ,1732705226928 ,11:00:26.9650
 161 ,[]                                                                                                              ,"[['1.037', '54.9'], ['1.02719', '48.6'], ['1.02578', '194.9'], ['1.0242', '24.4'], ['1.01843', '36.6']]"           ,1732705227038 ,11:00:27.0749
 162 ,[]                                                                                                              ,"[['1.037', '54.9'], ['1.02719', '48.6'], ['1.0242', '24.4'], ['1.01843', '36.6'], ['1.01501', '79.9']]"            ,1732705227138 ,11:00:27.1748
 163 ,[]                                                                                                              ,"[['1.037', '54.9'], ['1.02719', '48.6'], ['1.0242', '24.4'], ['1.01843', '36.6'], ['1.01501', '79.9']]"            ,1732705227340 ,11:00:27.3766
 164 ,[]                                                                                                              ,"[['1.05798', '472.5'], ['1.037', '54.9'], ['1.02719', '48.6'], ['1.0242', '24.4'], ['1.01843', '36.6']]"           ,1732705227441 ,11:00:27.4781
 165 ,[]                                                                                                              ,"[['1.05798', '472.5'], ['1.037', '54.9'], ['1.02719', '48.6'], ['1.0242', '24.4'], ['1.01843', '36.6']]"           ,1732705227542 ,11:00:27.5785
 166 ,[]                                                                                                              ,"[['1.05798', '472.5'], ['1.054', '54'], ['1.037', '54.9'], ['1.02719', '48.6'], ['1.0242', '24.4']]"               ,1732705227652 ,11:00:27.6883
 167 ,[]                                                                                                              ,"[['1.05798', '472.5'], ['1.054', '54'], ['1.037', '54.9'], ['1.02719', '48.6'], ['1.0242', '24.4']]"               ,1732705227750 ,11:00:27.7873
 168 ,[]                                                                                                              ,"[['1.05798', '472.5'], ['1.056', '53.9'], ['1.054', '54'], ['1.037', '54.9'], ['1.02719', '48.6']]"                ,1732705227852 ,11:00:27.8887
 169 ,[]                                                                                                              ,"[['1.062', '53.6'], ['1.05798', '472.5'], ['1.056', '53.9'], ['1.054', '54'], ['1.037', '54.9']]"                  ,1732705227967 ,11:00:28.0043
 170 ,[]                                                                                                              ,"[['1.062', '53.6'], ['1.05798', '472.5'], ['1.056', '53.9'], ['1.054', '54'], ['1.037', '54.9']]"                  ,1732705228069 ,11:00:28.1063
 171 ,[]                                                                                                              ,"[['1.062', '53.6'], ['1.05798', '472.5'], ['1.056', '53.9'], ['1.054', '54'], ['1.037', '54.9']]"                  ,1732705228169 ,11:00:28.2062
 172 ,[]                                                                                                              ,"[['1.062', '53.6'], ['1.05798', '472.5'], ['1.056', '53.9'], ['1.054', '54'], ['1.037', '54.9']]"                  ,1732705228271 ,11:00:28.3080
 173 ,"[['0.9', '1301.2']]"                                                                                           ,"[['0.6095', '1640'], ['0.60002', '185'], ['0.6', '2411.1'], ['0.154', '1298.7'], ['0.115', '1414.1']]"             ,1732705228391 ,11:00:28.4274
 174 ,"[['0.9', '1301.2']]"                                                                                           ,"[['0.6095', '1640'], ['0.60002', '185'], ['0.6', '2411.1'], ['0.154', '1298.7'], ['0.115', '1414.1']]"             ,1732705228508 ,11:00:28.5451
 175 ,"[['0.9', '1301.2']]"                                                                                           ,"[['0.6095', '1640'], ['0.60002', '185'], ['0.6', '2411.1'], ['0.154', '1298.7'], ['0.115', '1414.1']]"             ,1732705228703 ,11:00:28.7390
 176 ,"[['0.9', '1301.2'], ['1.11057', '137.4']]"                                                                     ,"[['0.60951', '61.2'], ['0.6095', '1640'], ['0.60002', '185'], ['0.6', '2411.1'], ['0.154', '1298.7']]"             ,1732705228809 ,11:00:28.8455
 177 ,"[['0.9', '1301.2'], ['1.11057', '137.4']]"                                                                     ,"[['0.60951', '61.2'], ['0.60002', '185'], ['0.6', '2411.1'], ['0.154', '1298.7'], ['0.115', '1414.1']]"            ,1732705228913 ,11:00:28.9494
 178 ,"[['0.89997', '36.6'], ['0.9', '1301.2'], ['1.11057', '137.4']]"                                                ,"[['0.60951', '61.2'], ['0.60002', '185'], ['0.6', '2411.1'], ['0.154', '1298.7'], ['0.115', '1414.1']]"            ,1732705229315 ,11:00:29.3518
 179 ,"[['0.89997', '36.6'], ['0.9', '1301.2'], ['1.04038', '137.4']]"                                                ,"[['0.60951', '40.8'], ['0.60002', '185'], ['0.6', '2411.1'], ['0.154', '1298.7'], ['0.115', '1414.1']]"            ,1732705229417 ,11:00:29.4536
 180 ,"[['0.89997', '36.6'], ['0.9', '1301.2'], ['1.04038', '137.4']]"                                                ,"[['0.60952', '61.2'], ['0.60002', '185'], ['0.6', '2411.1'], ['0.154', '1298.7'], ['0.115', '1414.1']]"            ,1732705229546 ,11:00:29.5834
 181 ,"[['0.89997', '36.6'], ['0.9', '1301.2'], ['1.04038', '137.4']]"                                                ,"[['0.60952', '2.7'], ['0.60002', '185'], ['0.6', '2411.1'], ['0.154', '1298.7'], ['0.115', '1414.1']]"             ,1732705229668 ,11:00:29.7046
 182 ,"[['0.858', '192.4'], ['0.89997', '36.6'], ['0.9', '1301.2'], ['1.04038', '137.4']]"                            ,"[['0.60952', '2.7'], ['0.60002', '185'], ['0.6', '2411.1'], ['0.154', '1298.7'], ['0.115', '1414.1']]"             ,1732705229894 ,11:00:29.9311
 183 ,"[['0.858', '192.4'], ['0.89997', '36.6'], ['0.9', '1301.2'], ['0.99358', '178.2']]"                            ,"[['0.60952', '2.7'], ['0.60002', '185'], ['0.6', '2411.1'], ['0.154', '1298.7'], ['0.115', '1414.1']]"             ,1732705229994 ,11:00:30.0312
 184 ,"[['0.858', '192.4'], ['0.89997', '36.6'], ['0.9', '1301.2'], ['0.99358', '178.2']]"                            ,"[['0.60002', '185'], ['0.6', '2411.1'], ['0.154', '1298.7'], ['0.115', '1414.1'], ['0.11', '140']]"                ,1732705230098 ,11:00:30.1345
 185 ,"[['0.858', '192.4'], ['0.89997', '36.6'], ['0.9', '1301.2'], ['0.99358', '178.2']]"                            ,"[['0.60002', '185'], ['0.6', '2411.1'], ['0.154', '1298.7'], ['0.115', '1414.1'], ['0.11', '140']]"                ,1732705230201 ,11:00:30.2375
 186 ,"[['0.858', '192.4'], ['0.89997', '36.6'], ['0.9', '1301.2'], ['0.99358', '178.2']]"                            ,"[['0.60002', '185'], ['0.6', '2411.1'], ['0.154', '1298.7'], ['0.115', '1414.1'], ['0.11', '140']]"                ,1732705230298 ,11:00:30.3343
 187 ,"[['0.858', '192.4'], ['0.89997', '36.6'], ['0.9', '1301.2'], ['0.99358', '178.2'], ['1', '498.6']]"            ,"[['0.60002', '185'], ['0.6', '2411.1'], ['0.154', '1298.7'], ['0.115', '1414.1'], ['0.11', '140']]"                ,1732705230400 ,11:00:30.4366
 188 ,"[['0.858', '192.4'], ['0.9', '1301.2'], ['0.94839', '195.9'], ['1', '498.6']]"                                 ,"[['0.60002', '185'], ['0.6', '2411.1'], ['0.154', '1298.7'], ['0.115', '1414.1'], ['0.11', '140']]"                ,1732705230500 ,11:00:30.5372
 189 ,"[['0.85797', '36.6'], ['0.858', '192.4'], ['0.9', '1301.2'], ['0.94839', '195.9'], ['1', '498.6']]"            ,"[['0.60002', '185'], ['0.6', '2411.1'], ['0.154', '1298.7'], ['0.115', '1414.1'], ['0.11', '140']]"                ,1732705230809 ,11:00:30.8461
 190 ,"[['0.85797', '36.6'], ['0.9', '1301.2'], ['0.94839', '195.9'], ['1', '498.6']]"                                ,"[['0.60002', '185'], ['0.6', '2411.1'], ['0.154', '1298.7'], ['0.115', '1414.1'], ['0.11', '140']]"                ,1732705231130 ,11:00:31.1665
 191 ,"[['0.7776', '24.4'], ['0.85797', '36.6'], ['0.9', '1301.2'], ['0.91826', '195.9'], ['1', '498.6']]"            ,"[['0.60002', '185'], ['0.6', '2411.1'], ['0.154', '1298.7'], ['0.115', '1414.1'], ['0.11', '140']]"                ,1732705231233 ,11:00:31.2700
 192 ,"[['0.7776', '24.4'], ['0.85797', '36.6'], ['0.9', '1301.2'], ['0.91826', '195.9'], ['1', '498.6']]"            ,"[['0.60002', '185'], ['0.6', '2411.1'], ['0.154', '1298.7'], ['0.115', '1414.1'], ['0.11', '140']]"                ,1732705231330 ,11:00:31.3673
 193 ,"[['0.7776', '24.4'], ['0.85797', '36.6'], ['0.9', '1301.2'], ['0.91826', '195.9'], ['1', '498.6']]"            ,"[['0.60002', '185'], ['0.6', '2411.1'], ['0.154', '1298.7'], ['0.115', '1414.1'], ['0.11', '140']]"                ,1732705231434 ,11:00:31.4703
 194 ,"[['0.7776', '24.4'], ['0.9', '1301.2'], ['0.91826', '195.9'], ['1', '498.6']]"                                 ,"[['0.60002', '185'], ['0.6', '2411.1'], ['0.154', '1298.7'], ['0.115', '1414.1'], ['0.11', '140']]"                ,1732705231550 ,11:00:31.5866
 195 ,"[['0.7776', '24.4'], ['0.9', '1301.2'], ['0.91826', '195.9'], ['1', '498.6']]"                                 ,"[['0.60002', '185'], ['0.6', '2411.1'], ['0.154', '1298.7'], ['0.117', '213.6'], ['0.115', '1414.1']]"             ,1732705231650 ,11:00:31.6869
 196 ,"[['0.9', '1019.1'], ['1', '498.6']]"                                                                           ,"[['0.89997', '283.5'], ['0.60002', '185'], ['0.6', '2411.1'], ['0.154', '1298.7'], ['0.117', '213.6']]"            ,1732705231777 ,11:00:31.8136
 197 ,"[['0.9', '1019.1'], ['1', '498.6']]"                                                                           ,"[['0.89997', '246.9'], ['0.60002', '185'], ['0.6', '2411.1'], ['0.154', '1298.7'], ['0.117', '213.6']]"            ,1732705231888 ,11:00:31.9249
 198 ,"[['0.9', '1019.1'], ['1', '498.6']]"                                                                           ,"[['0.89997', '246.9'], ['0.60005', '54.7'], ['0.60002', '185'], ['0.6', '2411.1'], ['0.154', '1298.7']]"           ,1732705232739 ,11:00:32.7774
 199 ,"[['0.89999', '166.8'], ['0.9', '1019.1'], ['1', '498.6']]"                                                     ,"[['0.89997', '54.5'], ['0.60005', '54.7'], ['0.60002', '185'], ['0.6', '2411.1'], ['0.154', '1298.7']]"            ,1732705232843 ,11:00:32.8796
 200 ,"[['0.89999', '166.8'], ['0.9', '1019.1'], ['1', '498.6']]"                                                     ,"[['0.89997', '54.5'], ['0.60952', '181'], ['0.60005', '54.7'], ['0.60002', '185'], ['0.6', '2411.1']]"             ,1732705233066 ,11:00:33.1024
 201 ,"[['0.89999', '166.8'], ['0.9', '1019.1'], ['1', '498.6']]"                                                     ,"[['0.89997', '54.5'], ['0.60952', '181'], ['0.60606', '495'], ['0.60005', '54.7'], ['0.60002', '185']]"            ,1732705233177 ,11:00:33.2139
 202 ,"[['0.9', '845'], ['1', '498.6']]"                                                                              ,"[['0.89997', '54.5'], ['0.60952', '181'], ['0.60606', '495'], ['0.60005', '54.7'], ['0.60002', '185']]"            ,1732705233288 ,11:00:33.3251
 203 ,"[['0.89999', '21.2'], ['0.9', '845'], ['1', '498.6']]"                                                         ,"[['0.89997', '54.5'], ['0.60953', '137.7'], ['0.60952', '181'], ['0.60606', '495'], ['0.60005', '54.7']]"          ,1732705233420 ,11:00:33.4567
 204 ,"[['0.89999', '21.2'], ['0.9', '845'], ['1', '498.6']]"                                                         ,"[['0.89997', '54.5'], ['0.60953', '137.7'], ['0.60952', '204.6'], ['0.60606', '495'], ['0.60002', '185']]"         ,1732705233516 ,11:00:33.5524
 205 ,"[['0.89999', '21.2'], ['0.9', '845'], ['1', '498.6']]"                                                         ,"[['0.89997', '54.5'], ['0.60953', '137.7'], ['0.60952', '204.6'], ['0.60606', '495'], ['0.60002', '185']]"         ,1732705233621 ,11:00:33.6572
 206 ,"[['0.89999', '21.2'], ['0.9', '845'], ['1', '498.6']]"                                                         ,"[['0.89997', '54.5'], ['0.60953', '137.7'], ['0.60952', '204.6'], ['0.60609', '54.1'], ['0.60606', '495']]"        ,1732705233836 ,11:00:33.8724
 207 ,"[['0.89999', '21.2'], ['0.9', '845'], ['1', '498.6']]"                                                         ,"[['0.89997', '54.5'], ['0.858', '201.6'], ['0.60954', '90'], ['0.60952', '204.6'], ['0.60609', '54.1']]"           ,1732705233935 ,11:00:33.9717
 208 ,"[['0.89999', '21.2'], ['0.9', '845'], ['1', '498.6']]"                                                         ,"[['0.89997', '54.5'], ['0.858', '201.6'], ['0.60954', '137.7'], ['0.60952', '204.6'], ['0.60609', '54.1']]"        ,1732705234064 ,11:00:34.1011
 209 ,"[['0.89999', '21.2'], ['0.9', '845'], ['1', '498.6']]"                                                         ,"[['0.89997', '54.5'], ['0.858', '201.6'], ['0.60954', '137.7'], ['0.60952', '204.6'], ['0.60609', '54.1']]"        ,1732705234167 ,11:00:34.2041
 210 ,"[['0.89999', '21.2'], ['0.9', '845'], ['1', '498.6']]"                                                         ,"[['0.89997', '54.5'], ['0.858', '201.6'], ['0.60954', '137.7'], ['0.60952', '204.6'], ['0.60606', '495']]"         ,1732705234273 ,11:00:34.3093
 211 ,"[['0.89999', '21.2'], ['0.9', '845'], ['1', '498.6']]"                                                         ,"[['0.89997', '54.5'], ['0.858', '201.6'], ['0.60954', '137.7'], ['0.60952', '204.6'], ['0.60606', '495']]"         ,1732705234399 ,11:00:34.4360
 212 ,"[['0.89999', '21.2'], ['0.9', '845'], ['1', '498.6']]"                                                         ,"[['0.89997', '54.5'], ['0.858', '201.6'], ['0.8221', '45'], ['0.60955', '53.8'], ['0.60952', '204.6']]"            ,1732705234497 ,11:00:34.5339
 213 ,"[['0.8944', '627.5'], ['0.89999', '21.2'], ['0.9', '845'], ['1', '498.6']]"                                    ,"[['0.858', '201.6'], ['0.8221', '137.7'], ['0.60955', '53.8'], ['0.60952', '204.6'], ['0.60606', '495']]"          ,1732705234598 ,11:00:34.6344
 214 ,"[['0.8944', '627.5'], ['0.89999', '21.2'], ['0.9', '845'], ['1', '498.6']]"                                    ,"[['0.858', '201.6'], ['0.8221', '137.7'], ['0.60955', '53.8'], ['0.60952', '204.6'], ['0.60606', '495']]"          ,1732705234697 ,11:00:34.7333
 215 ,"[['0.8944', '564.4'], ['0.89999', '21.2'], ['0.9', '845'], ['1', '498.6']]"                                    ,"[['0.858', '201.6'], ['0.8221', '137.7'], ['0.60955', '53.8'], ['0.60952', '204.6'], ['0.60606', '495']]"          ,1732705234801 ,11:00:34.8380
 216 ,"[['0.8944', '564.4'], ['0.89999', '21.2'], ['0.9', '845'], ['1', '498.6']]"                                    ,"[['0.858', '201.6'], ['0.8221', '137.7'], ['0.60952', '204.6'], ['0.60606', '495'], ['0.60002', '185']]"           ,1732705234912 ,11:00:34.9492
 217 ,"[['0.89439', '21.2'], ['0.8944', '501.3'], ['0.9', '845'], ['1', '498.6']]"                                    ,"[['0.858', '201.6'], ['0.84806', '49.2'], ['0.8221', '90'], ['0.60952', '204.6'], ['0.60606', '495']]"             ,1732705235021 ,11:00:35.0579
 218 ,"[['0.8944', '459.4'], ['0.9', '845'], ['1', '498.6']]"                                                         ,"[['0.858', '201.6'], ['0.84806', '142.2'], ['0.60952', '204.6'], ['0.60606', '495'], ['0.60002', '185']]"          ,1732705235128 ,11:00:35.1654
 219 ,"[['0.8944', '459.4'], ['0.9', '845'], ['1', '498.6']]"                                                         ,"[['0.858', '201.6'], ['0.84806', '142.2'], ['0.60957', '53.8'], ['0.60952', '204.6'], ['0.60606', '495']]"         ,1732705235236 ,11:00:35.2727
 220 ,"[['0.8944', '459.4'], ['0.9', '845'], ['1', '498.6']]"                                                         ,"[['0.858', '201.6'], ['0.84806', '142.2'], ['0.60957', '53.8'], ['0.60952', '204.6'], ['0.60606', '495']]"         ,1732705235338 ,11:00:35.3746
 221 ,"[['0.9', '845'], ['1', '498.6']]"                                                                              ,"[['0.858', '201.6'], ['0.8547', '58.5'], ['0.84806', '142.2'], ['0.60957', '53.8'], ['0.60952', '204.6']]"         ,1732705235437 ,11:00:35.4744
 222 ,"[['0.9', '845'], ['1', '498.6']]"                                                                              ,"[['0.858', '201.6'], ['0.8547', '58.5'], ['0.85137', '162.8'], ['0.60957', '53.8'], ['0.60952', '204.6']]"         ,1732705235539 ,11:00:35.5754
 223 ,"[['0.9', '845'], ['1', '498.6']]"                                                                              ,"[['0.858', '201.6'], ['0.8547', '58.5'], ['0.85137', '162.8'], ['0.61', '32.7'], ['0.60952', '204.6']]"            ,1732705235650 ,11:00:35.6872
 224 ,"[['0.9', '845'], ['1', '498.6']]"                                                                              ,"[['0.858', '201.6'], ['0.8547', '58.5'], ['0.85137', '162.8'], ['0.61', '32.7'], ['0.60952', '204.6']]"            ,1732705235849 ,11:00:35.8861
 225 ,"[['0.89334', '4.6'], ['0.9', '845']]"                                                                          ,"[['0.858', '201.6'], ['0.8547', '58.5'], ['0.85137', '162.8'], ['0.61', '32.7'], ['0.60952', '204.6']]"            ,1732705235966 ,11:00:36.0029
 226 ,"[['0.9', '786.5']]"                                                                                            ,"[['0.858', '201.6'], ['0.8547', '58.5'], ['0.85358', '163.4'], ['0.63', '31.7'], ['0.61', '32.7']]"                ,1732705236067 ,11:00:36.1036
 227 ,"[['0.9', '786.5']]"                                                                                            ,"[['0.858', '201.6'], ['0.8547', '58.5'], ['0.85358', '163.4'], ['0.63', '31.7'], ['0.61', '32.7']]"                ,1732705236169 ,11:00:36.2060
 228 ,"[['0.9', '723.4']]"                                                                                            ,"[['0.858', '201.6'], ['0.8547', '58.5'], ['0.85358', '163.4'], ['0.63', '31.7'], ['0.61', '32.7']]"                ,1732705236270 ,11:00:36.3069
 229 ,"[['0.9', '723.4']]"                                                                                            ,"[['0.858', '201.6'], ['0.8547', '58.5'], ['0.85358', '163.4'], ['0.63', '63.4'], ['0.61', '32.7']]"                ,1732705236372 ,11:00:36.4088
 230 ,"[['0.9', '460.3']]"                                                                                            ,"[['0.858', '201.6'], ['0.8547', '58.5'], ['0.85358', '163.4'], ['0.63', '63.4'], ['0.61', '32.7']]"                ,1732705236477 ,11:00:36.5139
 231 ,"[['0.9', '460.3']]"                                                                                            ,"[['0.858', '201.6'], ['0.85505', '162.8'], ['0.8547', '58.5'], ['0.63', '63.4'], ['0.61', '32.7']]"                ,1732705236579 ,11:00:36.6161
 232 ,"[['0.9', '460.3']]"                                                                                            ,"[['0.858', '201.6'], ['0.85505', '162.8'], ['0.8547', '117'], ['0.63', '63.4'], ['0.61', '32.7']]"                 ,1732705236788 ,11:00:36.8245
 233 ,"[['0.9', '460.3']]"                                                                                            ,"[['0.858', '201.6'], ['0.85505', '162.8'], ['0.8547', '117'], ['0.63', '63.4'], ['0.61', '32.7']]"                 ,1732705236892 ,11:00:36.9295
 234 ,"[['0.9', '460.3']]"                                                                                            ,"[['0.858', '201.6'], ['0.85505', '162.8'], ['0.8547', '117'], ['0.63', '63.4'], ['0.61', '32.7']]"                 ,1732705237001 ,11:00:37.0380
 235 ,"[['0.9', '460.3']]"                                                                                            ,"[['0.85801', '162.8'], ['0.858', '201.6'], ['0.8547', '117'], ['0.63', '63.4'], ['0.61', '32.7']]"                 ,1732705237099 ,11:00:37.1356
 236 ,"[['0.9', '460.3']]"                                                                                            ,"[['0.85801', '162.8'], ['0.858', '201.6'], ['0.8547', '117'], ['0.63', '63.4'], ['0.61', '32.7']]"                 ,1732705237322 ,11:00:37.3585
 237 ,"[['0.9', '460.3'], ['1.1825', '459.4']]"                                                                       ,"[['0.85801', '162.8'], ['0.858', '201.6'], ['0.8547', '117'], ['0.63', '63.4'], ['0.61', '32.7']]"                 ,1732705237528 ,11:00:37.5649
 238 ,"[['0.9', '460.3'], ['1.1825', '459.4']]"                                                                       ,"[['0.85802', '162.8'], ['0.858', '201.6'], ['0.8547', '117'], ['0.63', '63.4'], ['0.61', '32.7']]"                 ,1732705237631 ,11:00:37.6683
 239 ,"[['0.9', '460.3'], ['1.1825', '459.4']]"                                                                       ,"[['0.85932', '75.6'], ['0.85802', '162.8'], ['0.858', '201.6'], ['0.8547', '117'], ['0.63', '63.4']]"              ,1732705237729 ,11:00:37.7662
 240 ,"[['0.9', '460.3'], ['1.128', '80.9'], ['1.1825', '459.4']]"                                                    ,"[['0.85932', '75.6'], ['0.85802', '162.8'], ['0.858', '201.6'], ['0.8547', '117'], ['0.63', '63.4']]"              ,1732705237827 ,11:00:37.8640
 241 ,"[['0.899', '50'], ['0.9', '416.1'], ['1.128', '80.9'], ['1.1825', '459.4']]"                                   ,"[['0.85932', '75.6'], ['0.85802', '162.8'], ['0.858', '201.6'], ['0.8547', '117'], ['0.63', '63.4']]"              ,1732705237934 ,11:00:37.9712
 242 ,"[['0.899', '50'], ['0.9', '416.1'], ['1.128', '80.9'], ['1.1825', '459.4']]"                                   ,"[['0.85932', '75.6'], ['0.85802', '162.8'], ['0.858', '201.6'], ['0.8547', '117'], ['0.63', '63.4']]"              ,1732705238039 ,11:00:38.0754
 243 ,"[['0.9', '395.1'], ['1.128', '80.9'], ['1.1825', '459.4']]"                                                    ,"[['0.85933', '162.8'], ['0.85932', '75.6'], ['0.858', '201.6'], ['0.8547', '117'], ['0.63', '63.4']]"              ,1732705238143 ,11:00:38.1800
 244 ,"[['0.9', '395.1'], ['1.128', '80.9'], ['1.1825', '459.4']]"                                                    ,"[['0.85933', '162.8'], ['0.85932', '75.6'], ['0.858', '201.6'], ['0.8547', '117'], ['0.63', '63.4']]"              ,1732705238358 ,11:00:38.3952
 245 ,"[['0.9', '395.1'], ['1.128', '80.9'], ['1.1825', '459.4']]"                                                    ,"[['0.85933', '162.8'], ['0.85932', '75.6'], ['0.858', '201.6'], ['0.8547', '117'], ['0.63', '63.4']]"              ,1732705238466 ,11:00:38.5025
 246 ,"[['0.9', '395.1'], ['1.128', '80.9'], ['1.1825', '459.4']]"                                                    ,"[['0.85933', '162.8'], ['0.85932', '75.6'], ['0.858', '201.6'], ['0.8547', '117'], ['0.63', '63.4']]"              ,1732705238580 ,11:00:38.6172
 247 ,"[['0.9', '395.1'], ['1.128', '80.9'], ['1.1825', '459.4']]"                                                    ,"[['0.85934', '162.5'], ['0.85932', '75.6'], ['0.858', '201.6'], ['0.8547', '117'], ['0.63', '63.4']]"              ,1732705238684 ,11:00:38.7209
 248 ,"[['0.9', '395.1'], ['1.128', '80.9'], ['1.1825', '459.4']]"                                                    ,"[['0.85934', '162.5'], ['0.85932', '75.6'], ['0.858', '201.6'], ['0.8547', '117'], ['0.63', '63.4']]"              ,1732705239042 ,11:00:39.0794
 249 ,"[['0.9', '28.9'], ['1.128', '80.9'], ['1.1825', '459.4']]"                                                     ,"[['0.85934', '162.5'], ['0.85932', '75.6'], ['0.858', '201.6'], ['0.8547', '117'], ['0.63', '63.4']]"              ,1732705239334 ,11:00:39.3713
 250 ,"[['0.9', '28.9'], ['1.128', '80.9'], ['1.1825', '459.4']]"                                                     ,"[['0.85935', '162.5'], ['0.85932', '75.6'], ['0.858', '201.6'], ['0.8547', '117'], ['0.63', '63.4']]"              ,1732705239438 ,11:00:39.4752
 251 ,"[['0.9', '28.9'], ['1.128', '80.9'], ['1.1825', '459.4']]"                                                     ,"[['0.85935', '162.5'], ['0.85932', '75.6'], ['0.858', '201.6'], ['0.8547', '175.5'], ['0.63', '63.4']]"            ,1732705239536 ,11:00:39.5734
 252 ,"[['0.9', '28.9'], ['1.128', '80.9'], ['1.1825', '459.4']]"                                                     ,"[['0.85935', '162.5'], ['0.85932', '75.6'], ['0.858', '201.6'], ['0.8547', '175.5'], ['0.63', '63.4']]"            ,1732705239639 ,11:00:39.6752
 253 ,"[['0.9', '13.1'], ['1.128', '80.9'], ['1.1825', '459.4']]"                                                     ,"[['0.85935', '162.5'], ['0.85932', '75.6'], ['0.858', '201.6'], ['0.8547', '175.5'], ['0.63', '63.4']]"            ,1732705239750 ,11:00:39.7869
 254 ,"[['0.9', '13.1'], ['1.128', '80.9'], ['1.1825', '459.4']]"                                                     ,"[['0.85935', '162.5'], ['0.85932', '75.6'], ['0.858', '201.6'], ['0.8547', '175.5'], ['0.63', '63.4']]"            ,1732705239854 ,11:00:39.8914
 255 ,"[['0.9', '13.1'], ['1.128', '80.9'], ['1.1825', '459.4']]"                                                     ,"[['0.85936', '162.5'], ['0.85932', '75.6'], ['0.858', '201.6'], ['0.8547', '175.5'], ['0.63', '63.4']]"            ,1732705239960 ,11:00:39.9974
 256 ,"[['0.9', '13.1'], ['1.128', '80.9'], ['1.1825', '459.4']]"                                                     ,"[['0.85936', '162.5'], ['0.85932', '75.6'], ['0.858', '201.6'], ['0.8547', '175.5'], ['0.63', '63.4']]"            ,1732705240168 ,11:00:40.2048
 257 ,"[['0.9', '13.1'], ['1.128', '80.9'], ['1.1825', '459.4']]"                                                     ,"[['0.85936', '162.5'], ['0.85932', '75.6'], ['0.858', '201.6'], ['0.8547', '175.5'], ['0.63', '63.4']]"            ,1732705240688 ,11:00:40.7247
 258 ,"[['0.9', '13.1'], ['1.128', '80.9'], ['1.1825', '459.4']]"                                                     ,"[['0.85937', '162.5'], ['0.85932', '75.6'], ['0.858', '201.6'], ['0.8547', '175.5'], ['0.63', '63.4']]"            ,1732705240802 ,11:00:40.8388
 259 ,"[['0.9', '13.1'], ['1.128', '80.9'], ['1.1825', '459.4']]"                                                     ,"[['0.85937', '162.5'], ['0.85932', '75.6'], ['0.858', '201.6'], ['0.8547', '175.5'], ['0.63', '63.4']]"            ,1732705240907 ,11:00:40.9438
 260 ,"[['0.9', '13.1'], ['1.128', '80.9'], ['1.1825', '459.4']]"                                                     ,"[['0.85937', '162.5'], ['0.85932', '75.6'], ['0.858', '201.6'], ['0.8547', '175.5'], ['0.63', '63.4']]"            ,1732705241025 ,11:00:41.0615
 261 ,"[['0.9', '13.1'], ['1.128', '80.9'], ['1.1825', '459.4']]"                                                     ,"[['0.85937', '162.5'], ['0.85932', '75.6'], ['0.858', '201.6'], ['0.8547', '175.5'], ['0.63', '63.4']]"            ,1732705241596 ,11:00:41.6332
 262 ,"[['0.9', '13.1'], ['1.128', '80.9'], ['1.1825', '459.4']]"                                                     ,"[['0.85938', '162.5'], ['0.858', '201.6'], ['0.8547', '175.5'], ['0.63', '63.4'], ['0.61', '84.8']]"               ,1732705241700 ,11:00:41.7366
 263 ,"[['1.128', '80.9'], ['1.1825', '459.4']]"                                                                      ,"[['0.9', '530'], ['0.85938', '152.5'], ['0.858', '201.6'], ['0.8547', '175.5'], ['0.63', '63.4']]"                 ,1732705241936 ,11:00:41.9729
 264 ,"[['1.128', '80.9']]"                                                                                           ,"[['0.9', '530'], ['0.85938', '152.5'], ['0.858', '201.6'], ['0.8547', '175.5'], ['0.63', '63.4']]"                 ,1732705242038 ,11:00:42.0745
 265 ,"[['1.128', '80.9']]"                                                                                           ,"[['0.9', '559.4'], ['0.85938', '152.5'], ['0.858', '201.6'], ['0.8547', '175.5'], ['0.63', '63.4']]"               ,1732705242135 ,11:00:42.1714
 266 ,"[['1.128', '80.9']]"                                                                                           ,"[['0.9', '559.4'], ['0.85916', '130'], ['0.858', '201.6'], ['0.8547', '175.5'], ['0.63', '63.4']]"                 ,1732705242253 ,11:00:42.2901
 267 ,"[['1.1094', '459.4'], ['1.128', '80.9']]"                                                                      ,"[['0.9', '559.4'], ['0.85916', '130'], ['0.858', '201.6'], ['0.8547', '175.5'], ['0.63', '63.4']]"                 ,1732705242370 ,11:00:42.4073
 268 ,"[['1.1094', '459.4'], ['1.128', '80.9']]"                                                                      ,"[['0.9', '378.5'], ['0.85916', '130'], ['0.858', '201.6'], ['0.8547', '175.5'], ['0.63', '63.4']]"                 ,1732705242497 ,11:00:42.5340
 269 ,"[['1.1094', '459.4'], ['1.128', '80.9']]"                                                                      ,"[['0.9', '378.5'], ['0.85916', '130'], ['0.858', '201.6'], ['0.8547', '175.5'], ['0.63', '63.4']]"                 ,1732705242601 ,11:00:42.6383
 270 ,"[['1.1094', '459.4'], ['1.128', '80.9']]"                                                                      ,"[['0.90003', '36.4'], ['0.9', '480.3'], ['0.85916', '130'], ['0.858', '201.6'], ['0.8547', '175.5']]"              ,1732705242709 ,11:00:42.7458
 271 ,"[['1.10939', '10'], ['1.1094', '459.4'], ['1.128', '80.9']]"                                                   ,"[['0.90003', '36.4'], ['0.9', '480.3'], ['0.87277', '131.5'], ['0.858', '201.6'], ['0.8547', '175.5']]"            ,1732705242818 ,11:00:42.8549
 272 ,"[['1.1094', '459.4'], ['1.128', '80.9']]"                                                                      ,"[['0.90003', '36.4'], ['0.9', '480.3'], ['0.87277', '91.7'], ['0.858', '201.6'], ['0.8547', '175.5']]"             ,1732705243401 ,11:00:43.4384
 273 ,"[['1.1094', '459.4'], ['1.128', '80.9']]"                                                                      ,"[['0.90003', '16.8'], ['0.9', '480.3'], ['0.88186', '91.7'], ['0.858', '201.6'], ['0.8547', '175.5']]"             ,1732705243505 ,11:00:43.5414
 274 ,"[['1.1094', '459.4']]"                                                                                         ,"[['0.90003', '16.8'], ['0.9', '480.3'], ['0.88186', '91.7'], ['0.858', '201.6'], ['0.8547', '175.5']]"             ,1732705243836 ,11:00:43.8731
 275 ,"[['1.1094', '459.4']]"                                                                                         ,"[['0.90003', '16.8'], ['0.9', '480.3'], ['0.88186', '91.7'], ['0.858', '201.6'], ['0.63', '63.4']]"                ,1732705244408 ,11:00:44.4446
 276 ,"[['1.034', '80.9'], ['1.10939', '10'], ['1.1094', '459.4']]"                                                   ,"[['0.90003', '16.8'], ['0.9', '480.3'], ['0.88792', '131.5'], ['0.858', '201.6'], ['0.63', '63.4']]"               ,1732705244522 ,11:00:44.5597
 277 ,"[['1.034', '80.9'], ['1.10939', '10'], ['1.1094', '459.4']]"                                                   ,"[['0.90003', '16.8'], ['0.9', '480.3'], ['0.88792', '131.5'], ['0.858', '201.6'], ['0.63', '63.4']]"               ,1732705244632 ,11:00:44.6688
 278 ,"[['1.034', '80.9'], ['1.10939', '10'], ['1.1094', '459.4']]"                                                   ,"[['0.90003', '16.8'], ['0.9', '480.3'], ['0.88792', '131.5'], ['0.858', '201.6'], ['0.63', '63.4']]"               ,1732705244738 ,11:00:44.7742
 279 ,"[['1.034', '80.9'], ['1.0395', '35.7'], ['1.10939', '10'], ['1.1094', '459.4']]"                               ,"[['0.90003', '16.8'], ['0.9', '590.4'], ['0.88792', '131.5'], ['0.858', '201.6'], ['0.63', '63.4']]"               ,1732705244944 ,11:00:44.9809
 280 ,"[['1.034', '80.9'], ['1.0395', '35.7'], ['1.06985', '10'], ['1.1094', '459.4']]"                               ,"[['0.90003', '16.8'], ['0.9', '590.4'], ['0.89195', '95.5'], ['0.88792', '39.8'], ['0.858', '201.6']]"             ,1732705245044 ,11:00:45.0807
 281 ,"[['1.034', '80.9'], ['1.0395', '35.7'], ['1.06985', '10'], ['1.07304', '218.5'], ['1.1094', '459.4']]"         ,"[['0.90003', '16.8'], ['0.9', '590.4'], ['0.89195', '137.2'], ['0.858', '201.6'], ['0.63', '63.4']]"               ,1732705245154 ,11:00:45.1916
 282 ,"[['1.034', '80.9'], ['1.0395', '35.7'], ['1.06985', '10'], ['1.07304', '218.5'], ['1.102', '22.6']]"           ,"[['0.90003', '16.8'], ['0.9', '590.4'], ['0.89195', '137.2'], ['0.858', '201.6'], ['0.63', '63.4']]"               ,1732705245269 ,11:00:45.3062
 283 ,"[['1.034', '80.9'], ['1.0395', '35.7'], ['1.06985', '10'], ['1.07304', '218.5'], ['1.102', '22.6']]"           ,"[['1', '18.9'], ['0.90003', '16.8'], ['0.9', '590.4'], ['0.89195', '137.2'], ['0.858', '201.6']]"                  ,1732705245373 ,11:00:45.4100
 284 ,"[['1.034', '80.9'], ['1.0395', '35.7'], ['1.06985', '10'], ['1.07304', '218.5'], ['1.102', '22.6']]"           ,"[['1', '18.9'], ['0.90003', '16.8'], ['0.9', '590.4'], ['0.89195', '137.2'], ['0.858', '201.6']]"                  ,1732705245578 ,11:00:45.6151
 285 ,"[['1.034', '80.9'], ['1.0395', '35.7'], ['1.0579', '10'], ['1.07304', '218.5'], ['1.102', '22.6']]"            ,"[['1', '18.9'], ['0.90003', '16.8'], ['0.9', '590.4'], ['0.89465', '41.3'], ['0.89195', '41.7']]"                  ,1732705245678 ,11:00:45.7147
 286 ,"[['1.034', '80.9'], ['1.0395', '35.7'], ['1.0579', '10'], ['1.07304', '218.5'], ['1.102', '22.6']]"            ,"[['1', '18.9'], ['0.90003', '16.8'], ['0.9', '590.4'], ['0.89465', '129.7'], ['0.858', '201.6']]"                  ,1732705245787 ,11:00:45.8237
 287 ,"[['1.034', '80.9'], ['1.0395', '35.7'], ['1.0579', '10'], ['1.07304', '218.5'], ['1.102', '22.6']]"            ,"[['1', '18.9'], ['0.90003', '16.8'], ['0.9', '590.4'], ['0.89465', '129.7'], ['0.858', '201.6']]"                  ,1732705245912 ,11:00:45.9488
 288 ,"[['1.034', '80.9'], ['1.0395', '35.7'], ['1.0579', '10'], ['1.07304', '218.5'], ['1.102', '22.6']]"            ,"[['1', '18.9'], ['0.90003', '16.8'], ['0.9', '561'], ['0.89465', '129.7'], ['0.858', '201.6']]"                    ,1732705246598 ,11:00:46.6352
 289 ,"[['1.034', '80.9'], ['1.0395', '35.7'], ['1.04993', '10'], ['1.07304', '218.5'], ['1.102', '22.6']]"           ,"[['1', '18.9'], ['0.90004', '90.5'], ['0.90003', '16.8'], ['0.9', '561'], ['0.89465', '39.2']]"                    ,1732705246709 ,11:00:46.7455
 290 ,"[['1.034', '80.9'], ['1.0395', '35.7'], ['1.04993', '10'], ['1.07304', '218.5'], ['1.102', '22.6']]"           ,"[['1', '18.9'], ['0.90004', '129.7'], ['0.90003', '16.8'], ['0.9', '459.2'], ['0.858', '201.6']]"                  ,1732705246832 ,11:00:46.8691
 291 ,"[['1.034', '80.9'], ['1.0395', '35.7'], ['1.04993', '10'], ['1.07304', '218.5'], ['1.102', '22.6']]"           ,"[['1', '18.9'], ['0.91', '250.1'], ['0.90004', '129.7'], ['0.90003', '16.8'], ['0.9', '459.2']]"                   ,1732705247057 ,11:00:47.0945
 292 ,"[['1.034', '80.9'], ['1.04993', '10'], ['1.07304', '218.5'], ['1.102', '22.6'], ['1.1094', '475.2']]"          ,"[['1', '18.9'], ['0.91', '250.1'], ['0.90004', '129.7'], ['0.90003', '16.8'], ['0.9', '459.2']]"                   ,1732705247260 ,11:00:47.2971
 293 ,"[['1.034', '80.9'], ['1.04462', '10'], ['1.07304', '218.5'], ['1.102', '22.6'], ['1.1094', '475.2']]"          ,"[['1', '18.9'], ['0.91001', '90.5'], ['0.91', '250.1'], ['0.90004', '39.2'], ['0.90003', '16.8']]"                 ,1732705247377 ,11:00:47.4135
 294 ,"[['1.034', '80.9'], ['1.04462', '10'], ['1.07304', '218.5'], ['1.102', '22.6'], ['1.1094', '15.8']]"           ,"[['1', '18.9'], ['0.91001', '129.7'], ['0.91', '250.1'], ['0.9', '459.2'], ['0.858', '201.6']]"                    ,1732705247572 ,11:00:47.6094
 295 ,"[['1.0179', '35.7'], ['1.034', '80.9'], ['1.04462', '10'], ['1.07304', '218.5'], ['1.102', '22.6']]"           ,"[['1', '18.9'], ['0.91001', '129.7'], ['0.91', '250.1'], ['0.9', '459.2'], ['0.858', '201.6']]"                    ,1732705247678 ,11:00:47.7148
 296 ,"[['1.0179', '35.7'], ['1.034', '80.9'], ['1.04462', '10'], ['1.07304', '218.5'], ['1.102', '22.6']]"           ,"[['1', '18.9'], ['0.91001', '129.7'], ['0.91', '250.1'], ['0.9', '459.2'], ['0.858', '201.6']]"                    ,1732705247793 ,11:00:47.8295
 297 ,"[['1.0179', '35.7'], ['1.034', '80.9'], ['1.04108', '10'], ['1.07304', '218.5'], ['1.102', '22.6']]"           ,"[['1', '18.9'], ['0.91002', '91.3'], ['0.91001', '39.2'], ['0.91', '250.1'], ['0.9', '459.2']]"                    ,1732705247895 ,11:00:47.9320
 298 ,"[['1.0179', '35.7'], ['1.04108', '10'], ['1.07304', '218.5'], ['1.102', '22.6'], ['1.1094', '15.8']]"          ,"[['1', '18.9'], ['0.91002', '130.9'], ['0.91', '250.1'], ['0.9', '459.2'], ['0.858', '201.6']]"                    ,1732705247996 ,11:00:48.0327
 299 ,"[['1.0179', '35.7'], ['1.04108', '10'], ['1.102', '22.6'], ['1.1094', '15.8'], ['1.2126', '459.4']]"           ,"[['1', '18.9'], ['0.91002', '130.9'], ['0.91', '250.1'], ['0.9', '459.2'], ['0.858', '201.6']]"                    ,1732705248434 ,11:00:48.4711
 300 ,"[['1.01787', '19.6'], ['1.0179', '35.7'], ['1.03335', '10'], ['1.102', '22.6'], ['1.1094', '15.8']]"           ,"[['1', '18.9'], ['0.91003', '91.3'], ['0.91002', '39.6'], ['0.91', '250.1'], ['0.9', '459.2']]"                    ,1732705248540 ,11:00:48.5770
 301 ,"[['1.01787', '19.6'], ['1.0179', '35.7'], ['1.03335', '10'], ['1.1094', '15.8'], ['1.2126', '459.4']]"         ,"[['1', '18.9'], ['0.91003', '130.9'], ['0.91', '250.1'], ['0.9', '459.2'], ['0.858', '201.6']]"                    ,1732705248650 ,11:00:48.6868
 302 ,"[['0.987', '62'], ['1.01787', '8.2'], ['1.0179', '35.7'], ['1.03335', '10'], ['1.1094', '15.8']]"              ,"[['0.91003', '130.9'], ['0.91', '250.1'], ['0.9', '459.2'], ['0.858', '201.6'], ['0.63', '63.4']]"                 ,1732705248977 ,11:00:49.0136
 303 ,"[['0.987', '62'], ['1.01787', '8.2'], ['1.0179', '35.7'], ['1.0282', '10'], ['1.1094', '15.8']]"               ,"[['0.91004', '97.5'], ['0.91', '250.1'], ['0.9', '459.2'], ['0.858', '201.6'], ['0.63', '63.4']]"                  ,1732705249083 ,11:00:49.1199
 304 ,"[['0.987', '62'], ['1.01787', '8.2'], ['1.0179', '35.7'], ['1.0282', '10'], ['1.1094', '15.8']]"               ,"[['0.91004', '140.2'], ['0.91', '250.1'], ['0.9', '459.2'], ['0.858', '201.6'], ['0.63', '63.4']]"                 ,1732705249183 ,11:00:49.2194
 305 ,"[['0.987', '62'], ['1.01787', '8.2'], ['1.0282', '10'], ['1.1094', '15.8'], ['1.2126', '459.4']]"              ,"[['0.91004', '140.2'], ['0.91', '250.1'], ['0.9', '459.2'], ['0.858', '201.6'], ['0.63', '63.4']]"                 ,1732705249393 ,11:00:49.4298
 306 ,"[['0.987', '62'], ['1.0282', '10'], ['1.1094', '15.8'], ['1.2126', '459.4']]"                                  ,"[['0.91004', '140.2'], ['0.91', '250.1'], ['0.9', '459.2'], ['0.858', '201.6'], ['0.63', '63.4']]"                 ,1732705249616 ,11:00:49.6530
 307 ,"[['0.987', '62'], ['1', '40'], ['1.01447', '10'], ['1.1094', '15.8'], ['1.2126', '459.4']]"                    ,"[['0.91005', '97.5'], ['0.91', '250.1'], ['0.9', '459.2'], ['0.858', '201.6'], ['0.63', '82.2']]"                  ,1732705249720 ,11:00:49.7569
 308 ,"[['1', '40'], ['1.01447', '10'], ['1.1094', '15.8'], ['1.2126', '459.4']]"                                     ,"[['0.91005', '140.2'], ['0.91', '250.1'], ['0.90003', '29.7'], ['0.9', '459.2'], ['0.858', '201.6']]"              ,1732705249817 ,11:00:49.8539
 309 ,"[['1.1094', '15.8'], ['1.2126', '459.4']]"                                                                     ,"[['1.102', '43.1'], ['0.91005', '140.2'], ['0.91', '250.1'], ['0.90003', '29.7'], ['0.9', '459.2']]"               ,1732705249944 ,11:00:49.9811
 310 ,"[['1.1094', '15.8'], ['1.2126', '459.4']]"                                                                     ,"[['1.102', '43.1'], ['0.91005', '140.2'], ['0.91', '250.1'], ['0.90003', '29.7'], ['0.9', '459.2']]"               ,1732705250044 ,11:00:50.0808
 311 ,"[['1.1094', '15.8'], ['1.2126', '459.4']]"                                                                     ,"[['1.102', '20'], ['0.91005', '140.2'], ['0.91', '250.1'], ['0.90003', '29.7'], ['0.9', '459.2']]"                 ,1732705250163 ,11:00:50.2001
 312 ,"[['1.1094', '15.8'], ['1.2126', '459.4']]"                                                                     ,"[['1.102', '20'], ['0.94385', '127.7'], ['0.91', '250.1'], ['0.90003', '29.7'], ['0.9', '459.2']]"                 ,1732705250266 ,11:00:50.3029
 313 ,"[['1.0125', '15.7'], ['1.1094', '15.8'], ['1.2126', '459.4']]"                                                 ,"[['0.94385', '127.7'], ['0.91', '250.1'], ['0.90003', '29.7'], ['0.9', '459.2'], ['0.858', '201.6']]"              ,1732705250482 ,11:00:50.5189
 314 ,"[['1.0125', '15.7'], ['1.1094', '15.8'], ['1.2126', '459.4']]"                                                 ,"[['0.94385', '127.7'], ['0.91003', '29.4'], ['0.91', '250.1'], ['0.90003', '29.7'], ['0.9', '477.8']]"             ,1732705250585 ,11:00:50.6216
 315 ,"[['1.0125', '15.7'], ['1.1094', '15.8'], ['1.2126', '459.4']]"                                                 ,"[['0.94385', '127.7'], ['0.91003', '29.4'], ['0.91', '250.1'], ['0.90003', '29.7'], ['0.9', '477.8']]"             ,1732705250684 ,11:00:50.7215
 316 ,"[['1.0125', '15.7'], ['1.1094', '15.8'], ['1.2126', '459.4']]"                                                 ,"[['0.94386', '145.4'], ['0.91003', '29.4'], ['0.91', '250.1'], ['0.90003', '29.7'], ['0.9', '477.8']]"             ,1732705250788 ,11:00:50.8246
 317 ,"[['1.0125', '15.7'], ['1.1094', '15.8'], ['1.2126', '459.4']]"                                                 ,"[['0.94386', '145.4'], ['0.91003', '29.4'], ['0.91', '250.1'], ['0.90003', '29.7'], ['0.9', '477.8']]"             ,1732705250892 ,11:00:50.9292
 318 ,"[['1.0125', '15.7'], ['1.1094', '15.8'], ['1.2126', '459.4']]"                                                 ,"[['0.94386', '145.4'], ['0.91003', '29.4'], ['0.91', '250.1'], ['0.90003', '29.7'], ['0.9', '477.8']]"             ,1732705250997 ,11:00:51.0343
 319 ,"[['1.0125', '15.7'], ['1.1094', '15.8'], ['1.2126', '459.4']]"                                                 ,"[['0.94386', '145.4'], ['0.91', '250.1'], ['0.90003', '29.7'], ['0.9', '477.8'], ['0.858', '201.6']]"              ,1732705251302 ,11:00:51.3389
 320 ,"[['1.0672', '99'], ['1.08283', '92.3'], ['1.1094', '15.8'], ['1.2126', '459.4']]"                              ,"[['0.94387', '145.4'], ['0.91', '250.1'], ['0.90003', '29.7'], ['0.9', '477.8'], ['0.858', '201.6']]"              ,1732705251402 ,11:00:51.4387
 321 ,"[['1.0672', '99'], ['1.08283', '92.3'], ['1.1094', '15.8'], ['1.2126', '459.4']]"                              ,"[['0.94387', '145.4'], ['0.91', '250.1'], ['0.90003', '29.7'], ['0.9', '477.8'], ['0.858', '201.6']]"              ,1732705251511 ,11:00:51.5474
 322 ,"[['1.0672', '99'], ['1.08283', '92.3'], ['1.1094', '15.8']]"                                                   ,"[['0.94387', '145.4'], ['0.91', '250.1'], ['0.90003', '29.7'], ['0.9', '477.8'], ['0.858', '201.6']]"              ,1732705251634 ,11:00:51.6709
 323 ,"[['1.0672', '99'], ['1.08283', '92.3'], ['1.1094', '15.8']]"                                                   ,"[['0.94387', '145.4'], ['0.91', '250.1'], ['0.90003', '251.9'], ['0.9', '477.8'], ['0.858', '201.6']]"             ,1732705251741 ,11:00:51.7785
 324 ,"[['1.0672', '99'], ['1.08283', '92.3'], ['1.0965', '459.4'], ['1.1094', '15.8']]"                              ,"[['0.94387', '145.4'], ['0.91', '250.1'], ['0.90003', '251.9'], ['0.9', '477.8'], ['0.858', '201.6']]"             ,1732705251847 ,11:00:51.8845
 325 ,"[['1.0672', '99'], ['1.08283', '92.3'], ['1.0965', '459.4'], ['1.1094', '15.8']]"                              ,"[['0.94388', '141.2'], ['0.91', '250.1'], ['0.90006', '29.7'], ['0.90003', '550.1'], ['0.9', '477.8']]"            ,1732705251973 ,11:00:52.0091
 326 ,"[['1.0672', '99'], ['1.08283', '92.3'], ['1.0965', '459.4'], ['1.1094', '15.8']]"                              ,"[['0.94388', '141.2'], ['0.91', '250.1'], ['0.90006', '29.7'], ['0.90003', '550.1'], ['0.9', '477.8']]"            ,1732705252076 ,11:00:52.1124
 327 ,"[['1.0672', '99'], ['1.08283', '92.3'], ['1.0965', '459.4'], ['1.1094', '15.8']]"                              ,"[['0.94388', '141.2'], ['0.91005', '106.7'], ['0.91', '250.1'], ['0.90006', '29.7'], ['0.90003', '550.1']]"        ,1732705252177 ,11:00:52.2135
 328 ,"[['1.0206', '15.7'], ['1.0672', '99'], ['1.08283', '92.3'], ['1.0965', '459.4'], ['1.1094', '15.8']]"          ,"[['0.94388', '141.2'], ['0.91005', '106.7'], ['0.91', '250.1'], ['0.90003', '550.1'], ['0.9', '477.8']]"           ,1732705252282 ,11:00:52.3190
 329 ,"[['1.0206', '15.7'], ['1.0672', '99'], ['1.08283', '92.3'], ['1.0965', '459.4'], ['1.1094', '15.8']]"          ,"[['0.94388', '141.2'], ['0.91005', '106.7'], ['0.91', '250.1'], ['0.90003', '550.1'], ['0.9', '477.8']]"           ,1732705252378 ,11:00:52.4145
 330 ,"[['1.0206', '15.7'], ['1.0672', '99'], ['1.081', '62'], ['1.08283', '92.3'], ['1.0965', '459.4']]"             ,"[['0.94389', '144.8'], ['0.91005', '106.7'], ['0.91', '250.1'], ['0.90003', '550.1'], ['0.9', '477.8']]"           ,1732705252485 ,11:00:52.5212
 331 ,"[['1.0206', '15.7'], ['1.0672', '99'], ['1.081', '62'], ['1.08283', '92.3'], ['1.1094', '15.8']]"              ,"[['0.94389', '144.8'], ['0.91005', '106.7'], ['0.91003', '29.4'], ['0.91', '250.1'], ['0.90003', '550.1']]"        ,1732705252593 ,11:00:52.6298
 332 ,"[['1.0206', '15.7'], ['1.0578', '459.4'], ['1.0672', '99'], ['1.08283', '92.3'], ['1.1094', '15.8']]"          ,"[['0.94389', '144.8'], ['0.91005', '106.7'], ['0.91003', '29.4'], ['0.91', '250.1'], ['0.90003', '550.1']]"        ,1732705252839 ,11:00:52.8758
 333 ,"[['1.0206', '15.7'], ['1.0578', '459.4'], ['1.0672', '99'], ['1.08283', '92.3'], ['1.1094', '15.8']]"          ,"[['0.94389', '144.8'], ['0.91005', '106.7'], ['0.91003', '29.4'], ['0.91', '250.1'], ['0.90003', '550.1']]"        ,1732705252971 ,11:00:53.0076
 334 ,"[['1.0206', '15.7'], ['1.0578', '459.4'], ['1.0672', '99'], ['1.08283', '92.3'], ['1.1094', '15.8']]"          ,"[['0.9439', '144.8'], ['0.91005', '106.7'], ['0.91', '250.1'], ['0.90003', '550.1'], ['0.9', '477.8']]"            ,1732705253077 ,11:00:53.1141
 335 ,"[['1.0206', '15.7'], ['1.0578', '459.4'], ['1.0672', '99'], ['1.08283', '92.3'], ['1.1094', '15.8']]"          ,"[['0.9439', '144.8'], ['0.91005', '106.7'], ['0.91', '250.1'], ['0.90003', '550.1'], ['0.9', '477.8']]"            ,1732705253174 ,11:00:53.2107
 336 ,"[['1.0578', '459.4'], ['1.0672', '99'], ['1.08283', '92.3'], ['1.1094', '15.8']]"                              ,"[['0.9439', '144.8'], ['0.91005', '106.7'], ['0.91', '250.1'], ['0.90003', '550.1'], ['0.9', '477.8']]"            ,1732705253288 ,11:00:53.3279
 337 ,"[['1.0578', '459.4'], ['1.0672', '99'], ['1.08283', '92.3'], ['1.1094', '15.8']]"                              ,"[['0.9439', '144.8'], ['0.91005', '106.7'], ['0.91', '250.1'], ['0.90003', '550.1'], ['0.9', '477.8']]"            ,1732705253394 ,11:00:53.4312
 338 ,"[['1.0578', '459.4'], ['1.0672', '99'], ['1.08283', '92.3'], ['1.1094', '15.8']]"                              ,"[['0.9439', '144.8'], ['0.91005', '106.7'], ['0.91', '250.1'], ['0.90003', '550.1'], ['0.9', '477.8']]"            ,1732705253495 ,11:00:53.5314
 339 ,"[['1.0578', '459.4'], ['1.0672', '99'], ['1.08283', '92.3'], ['1.10198', '39.9'], ['1.1094', '15.8']]"         ,"[['0.94391', '142.1'], ['0.91005', '106.7'], ['0.91', '250.1'], ['0.90003', '550.1'], ['0.9', '477.8']]"           ,1732705253602 ,11:00:53.6389
 340 ,"[['1.0578', '459.4'], ['1.0672', '99'], ['1.08283', '92.3'], ['1.10198', '39.9'], ['1.1094', '15.8']]"         ,"[['0.94391', '142.1'], ['0.91005', '106.7'], ['0.91003', '29.4'], ['0.91', '250.1'], ['0.90003', '550.1']]"        ,1732705253698 ,11:00:53.7347
 341 ,"[['1.0578', '459.4'], ['1.0672', '99'], ['1.08283', '92.3'], ['1.10198', '39.9'], ['1.1094', '15.8']]"         ,"[['0.94391', '142.1'], ['0.91005', '106.7'], ['0.91003', '29.4'], ['0.91', '250.1'], ['0.90003', '550.1']]"        ,1732705253803 ,11:00:53.8397
 342 ,"[['1.0578', '459.4'], ['1.0672', '99'], ['1.08283', '92.3'], ['1.10198', '39.9'], ['1.1094', '15.8']]"         ,"[['0.94391', '142.1'], ['0.91005', '106.7'], ['0.91003', '29.4'], ['0.91', '250.1'], ['0.90003', '550.1']]"        ,1732705254176 ,11:00:54.2127
 343 ,"[['1.0578', '459.4'], ['1.0672', '99'], ['1.08283', '92.3'], ['1.10198', '39.9'], ['1.1094', '15.8']]"         ,"[['0.94392', '142.1'], ['0.91005', '106.7'], ['0.91003', '29.4'], ['0.91', '250.1'], ['0.90003', '550.1']]"        ,1732705254276 ,11:00:54.3121
 344 ,"[['1.0578', '459.4'], ['1.0672', '99'], ['1.08283', '92.3'], ['1.10198', '39.9'], ['1.1094', '15.8']]"         ,"[['0.94392', '142.1'], ['0.91005', '106.7'], ['0.91003', '29.4'], ['0.91', '250.1'], ['0.90003', '550.1']]"        ,1732705254926 ,11:00:54.9626
 345 ,"[['1.0578', '459.4'], ['1.0672', '99'], ['1.08283', '92.3'], ['1.10198', '39.9'], ['1.1094', '15.8']]"         ,"[['0.94393', '142.1'], ['0.91005', '106.7'], ['0.91003', '29.4'], ['0.91', '250.1'], ['0.90003', '550.1']]"        ,1732705255034 ,11:00:55.0706
 346 ,"[['1.0578', '459.4'], ['1.0672', '99'], ['1.08283', '92.3'], ['1.10198', '39.9'], ['1.1094', '15.8']]"         ,"[['0.94393', '142.1'], ['0.91005', '106.7'], ['0.91003', '29.4'], ['0.91', '250.1'], ['0.90003', '550.1']]"        ,1732705255218 ,11:00:55.2553
 347 ,"[['1.0578', '459.4'], ['1.0672', '99'], ['1.08283', '92.3'], ['1.10198', '39.9'], ['1.1094', '15.8']]"         ,"[['0.94393', '142.1'], ['0.91005', '106.7'], ['0.91003', '29.4'], ['0.91', '250.1'], ['0.90003', '550.1']]"        ,1732705255324 ,11:00:55.3611
 348 ,"[['1.0578', '459.4'], ['1.0672', '99'], ['1.08283', '92.3'], ['1.10198', '39.9'], ['1.1094', '15.8']]"         ,"[['0.94393', '142.1'], ['0.91005', '106.7'], ['0.91003', '29.4'], ['0.91', '250.1'], ['0.90003', '550.1']]"        ,1732705255530 ,11:00:55.5663
 349 ,"[['1.0578', '459.4'], ['1.0672', '99'], ['1.08283', '92.3'], ['1.10198', '39.9'], ['1.1094', '15.8']]"         ,"[['0.94394', '142.1'], ['0.91005', '106.7'], ['0.91003', '29.4'], ['0.91', '250.1'], ['0.90003', '550.1']]"        ,1732705255628 ,11:00:55.6643
 350 ,"[['1.0578', '459.4'], ['1.0672', '99'], ['1.08283', '92.3'], ['1.10198', '39.9'], ['1.1094', '15.8']]"         ,"[['1', '19.9'], ['0.94394', '142.1'], ['0.91005', '106.7'], ['0.91003', '29.4'], ['0.91', '250.1']]"               ,1732705255742 ,11:00:55.7790
 351 ,"[['1.0578', '459.4'], ['1.0672', '99'], ['1.08283', '92.3'], ['1.10198', '39.9'], ['1.1094', '15.8']]"         ,"[['1', '19.9'], ['0.95', '10'], ['0.94394', '142.1'], ['0.91005', '106.7'], ['0.91003', '29.4']]"                  ,1732705255847 ,11:00:55.8840
 352 ,"[['1.02816', '97.2'], ['1.0578', '459.4'], ['1.0672', '99'], ['1.08283', '92.3'], ['1.10198', '39.9']]"        ,"[['1', '19.9'], ['0.95', '10'], ['0.94394', '142.1'], ['0.91005', '106.7'], ['0.91003', '29.4']]"                  ,1732705255953 ,11:00:55.9896
 353 ,"[['1.02816', '97.2'], ['1.0578', '459.4'], ['1.0672', '99'], ['1.08283', '92.3'], ['1.10198', '39.9']]"        ,"[['1', '19.9'], ['0.95', '10'], ['0.94394', '142.1'], ['0.91005', '106.7'], ['0.91003', '29.4']]"                  ,1732705256056 ,11:00:56.0924
 354 ,"[['1.02816', '97.2'], ['1.0578', '459.4'], ['1.0672', '99'], ['1.08283', '92.3'], ['1.10198', '39.9']]"        ,"[['1', '19.9'], ['0.95', '10'], ['0.94528', '140'], ['0.91005', '106.7'], ['0.91003', '29.4']]"                    ,1732705256155 ,11:00:56.1920
 355 ,"[['1.02816', '97.2'], ['1.0578', '459.4'], ['1.0672', '99'], ['1.08283', '92.3'], ['1.10198', '39.9']]"        ,"[['1', '19.9'], ['0.95', '10'], ['0.94528', '140'], ['0.91005', '106.7'], ['0.91003', '29.4']]"                    ,1732705256279 ,11:00:56.3156
 356 ,"[['1.0578', '2.6'], ['1.0672', '99'], ['1.08283', '92.3'], ['1.10198', '39.9'], ['1.1094', '15.8']]"           ,"[['1', '19.9'], ['0.95', '10'], ['0.94528', '140'], ['0.91005', '106.7'], ['0.91003', '29.4']]"                    ,1732705256394 ,11:00:56.4315
 357 ,"[['1.0578', '2.6'], ['1.0672', '99'], ['1.08283', '92.3'], ['1.10198', '39.9'], ['1.1094', '15.8']]"           ,"[['1', '19.9'], ['0.95', '10'], ['0.94528', '140'], ['0.91005', '106.7'], ['0.91003', '29.4']]"                    ,1732705256494 ,11:00:56.5307
 358 ,"[['1.0578', '2.6'], ['1.0672', '99'], ['1.08283', '92.3'], ['1.10198', '39.9'], ['1.1094', '15.8']]"           ,"[['1.02061', '19.7'], ['1', '19.9'], ['0.95', '10'], ['0.94528', '140'], ['0.91005', '106.7']]"                    ,1732705256907 ,11:00:56.9442
 359 ,"[['1.0578', '2.6'], ['1.0672', '99'], ['1.08283', '92.3'], ['1.10198', '39.9'], ['1.1094', '15.8']]"           ,"[['1.02061', '19.7'], ['1', '19.9'], ['0.96352', '136.4'], ['0.95', '10'], ['0.91005', '106.7']]"                  ,1732705257017 ,11:00:57.0539
 360 ,"[['1.0578', '2.6'], ['1.0672', '99'], ['1.08283', '92.3'], ['1.10198', '39.9'], ['1.1094', '15.8']]"           ,"[['1.02061', '19.7'], ['1', '19.9'], ['0.96352', '136.4'], ['0.95', '10'], ['0.91005', '106.7']]"                  ,1732705257134 ,11:00:57.1710
 361 ,"[['1.0578', '2.6'], ['1.0672', '99'], ['1.08283', '92.3'], ['1.10198', '39.9'], ['1.1094', '15.8']]"           ,"[['1.02061', '19.7'], ['1', '19.9'], ['0.96352', '136.4'], ['0.95', '10'], ['0.91005', '106.7']]"                  ,1732705257253 ,11:00:57.2911
 362 ,"[['1.0672', '99'], ['1.08283', '92.3'], ['1.10198', '39.9'], ['1.1094', '15.8']]"                              ,"[['1.02061', '19.7'], ['1', '19.9'], ['0.96352', '136.4'], ['0.95', '10'], ['0.91005', '106.7']]"                  ,1732705257700 ,11:00:57.7366
 363 ,"[['1.0672', '99'], ['1.08283', '92.3'], ['1.10198', '39.9'], ['1.1094', '15.8']]"                              ,"[['1.02061', '19.7'], ['1', '19.9'], ['0.98255', '135.8'], ['0.95', '10'], ['0.91005', '106.7']]"                  ,1732705257801 ,11:00:57.8380
 364 ,"[['1.0672', '99'], ['1.08283', '92.3'], ['1.10198', '39.9'], ['1.1094', '15.8']]"                              ,"[['1.02061', '19.7'], ['1', '19.9'], ['0.98255', '135.8'], ['0.95', '10'], ['0.91005', '106.7']]"                  ,1732705257922 ,11:00:57.9593
 365 ,"[['1.0672', '99'], ['1.08283', '92.3'], ['1.10198', '39.9'], ['1.1094', '15.8']]"                              ,"[['1.02061', '19.7'], ['1', '19.9'], ['0.98255', '135.8'], ['0.95', '10'], ['0.91005', '106.7']]"                  ,1732705258055 ,11:00:58.0918
 366 ,"[['1.0672', '99'], ['1.08283', '92.3'], ['1.10198', '39.9'], ['1.1094', '15.8']]"                              ,"[['1.02061', '19.7'], ['1', '19.9'], ['0.98255', '135.8'], ['0.95', '10'], ['0.91005', '106.7']]"                  ,1732705258175 ,11:00:58.2114
 367 ,"[['1.0672', '99'], ['1.08283', '92.3'], ['1.10198', '39.9'], ['1.1094', '15.8']]"                              ,"[['1.02061', '19.7'], ['1', '19.9'], ['0.98255', '135.8'], ['0.95', '10'], ['0.91005', '106.7']]"                  ,1732705258390 ,11:00:58.4267
 368 ,"[['1.0672', '99'], ['1.08283', '92.3'], ['1.10198', '39.9'], ['1.1094', '15.8']]"                              ,"[['1.02061', '19.7'], ['1', '19.9'], ['0.99524', '135.8'], ['0.95', '10'], ['0.91005', '106.7']]"                  ,1732705258489 ,11:00:58.5256
 369 ,"[['1.0672', '99'], ['1.10198', '39.9'], ['1.1094', '15.8']]"                                                   ,"[['1.02061', '19.7'], ['1', '19.9'], ['0.99524', '135.8'], ['0.95', '10'], ['0.91005', '106.7']]"                  ,1732705258588 ,11:00:58.6253
 370 ,"[['1.0672', '99'], ['1.10198', '39.9'], ['1.1094', '15.8']]"                                                   ,"[['1.02061', '19.7'], ['1', '19.9'], ['0.99524', '135.8'], ['0.95', '10'], ['0.91005', '106.7']]"                  ,1732705258693 ,11:00:58.7296
 371 ,"[['1.0672', '62.5'], ['1.10198', '39.9'], ['1.1094', '15.8']]"                                                 ,"[['1.02061', '19.7'], ['1', '19.9'], ['0.99524', '135.8'], ['0.95', '10'], ['0.91005', '106.7']]"                  ,1732705258791 ,11:00:58.8276
 372 ,"[['1.0672', '62.5'], ['1.10198', '39.9'], ['1.1094', '15.8']]"                                                 ,"[['1.02061', '19.7'], ['1', '19.9'], ['0.99524', '135.8'], ['0.95', '10'], ['0.91005', '106.7']]"                  ,1732705258898 ,11:00:58.9365
 373 ,"[['1.0672', '62.5'], ['1.10198', '39.9'], ['1.1094', '15.8']]"                                                 ,"[['1.02061', '19.7'], ['1.00369', '135.8'], ['1', '19.9'], ['0.95', '10'], ['0.91005', '106.7']]"                  ,1732705259007 ,11:00:59.0446
 374 ,"[['1.01796', '78.5'], ['1.0672', '62.5'], ['1.10198', '39.9'], ['1.1094', '15.8']]"                            ,"[['1.00369', '135.8'], ['1', '19.9'], ['0.95', '10'], ['0.91005', '106.7'], ['0.91003', '29.4']]"                  ,1732705259383 ,11:00:59.4198
 375 ,"[['1.01796', '78.5'], ['1.0672', '62.5'], ['1.10198', '39.9'], ['1.1094', '15.8']]"                            ,"[['1.00369', '87.9'], ['1', '19.9'], ['0.95', '10'], ['0.91005', '106.7'], ['0.91003', '29.4']]"                   ,1732705259488 ,11:00:59.5254
