,bestAsk,bestAskSize,bestBid,bestBidSize,price,sequence,size,timestamp,time_received
0,0,0,0.1,52475,0.0425,10,10,1732705200000,11:00:00.1385
1,0,0,0.1,73465,0.0425,12,10,1732705200000,11:00:00.1450
2,0,0,0.15,6666,0.0425,76,10,1732705200000,11:00:00.1850
3,0,0,0.15,6666,0.0425,106,10,1732705200000,11:00:00.2834
4,0,0,1,44,0.0425,129,10,1732705200000,11:00:00.3886
5,0,0,1,44,0.0425,144,10,1732705200000,11:00:00.4968
6,0,0,1,44,0.0425,154,10,1732705200000,11:00:00.6084
7,0,0,1,44,0.0425,157,10,1732705200000,11:00:00.7145
8,0,0,1,44,0.0425,161,10,1732705200000,11:00:01.1711
9,0,0,1,44,0.0425,173,10,1732705200000,11:00:01.3832
10,0,0,1,44,0.0425,209,10,1732705200000,11:00:01.4851
11,0,0,1,44,0.0425,212,10,1732705200000,11:00:01.9551
12,0,0,1,44,0.0425,213,10,1732705200000,11:00:02.2199
13,0,0,1,44,0.0425,214,10,1732705200000,11:00:02.2784
14,0,0,1,44,0.0425,217,10,1732705200000,11:00:02.3708
15,0,0,1,44,0.0425,219,10,1732705200000,11:00:02.6312
16,0,0,1,44,0.0425,220,10,1732705200000,11:00:02.7230
17,0,0,1,44,0.0425,221,10,1732705200000,11:00:02.9290
18,0,0,1,44,0.0425,228,10,1732705200000,11:00:03.3530
19,0,0,1,44,0.0425,232,10,1732705200000,11:00:03.4602
20,0,0,1,44,0.0425,233,10,1732705200000,11:00:03.6777
21,0,0,1,44,0.0425,238,10,1732705200000,11:00:03.9215
22,0,0,1,44,0.0425,240,10,1732705200000,11:00:04.7597
23,0,0,1,44,0.0425,241,10,1732705200000,11:00:04.8741
24,0,0,1,44,0.0425,242,10,1732705200000,11:00:05.0827
25,0,0,1,44,0.0425,243,10,1732705200000,11:00:05.3946
26,0,0,1,44,0.0425,244,10,1732705200000,11:00:05.6089
27,0,0,1,44,0.0425,246,10,1732705200000,11:00:06.1524
28,0,0,1,44,0.0425,247,10,1732705200000,11:00:06.5847
29,0,0,1,44,0.0425,248,10,1732705200000,11:00:06.6869
30,0,0,1,44,0.0425,250,10,1732705200000,11:00:06.8044
31,0,0,1,44,0.0425,252,10,1732705200000,11:00:07.5479
32,1,9826.3,0.6,10,1,258,19.6,1732705207531,11:00:07.6512
33,1,9826.3,0.6,10,1,265,19.6,1732705207531,11:00:07.7907
34,1,9826.3,0.6,10,1,267,19.6,1732705207531,11:00:07.8997
35,1,9826.3,0.6,10,1,268,19.6,1732705207531,11:00:08.0272
36,1,9826.3,0.6,10,1,269,19.6,1732705207531,11:00:08.1291
37,1,9560.8,0.6,10,1,270,19.6,1732705207531,11:00:08.2317
38,1,9560.8,0.6,10,1,272,265.5,1732705208186,11:00:08.3568
39,1,9560.8,0.6,10,1,273,265.5,1732705208186,11:00:08.4700
40,1,9560.8,0.6,10,1,274,265.5,1732705208186,11:00:08.9078
41,1,9560.8,0.6,10,1,277,265.5,1732705208186,11:00:09.0031
42,1,9560.8,0.6,10,1,278,265.5,1732705208186,11:00:09.1103
43,1,9560.8,0.6,10,1,281,265.5,1732705208186,11:00:09.2100
44,1,9560.8,0.6,10,1,282,265.5,1732705208186,11:00:09.3406
45,1,9560.8,0.6,10,1,285,265.5,1732705208186,11:00:09.4446
46,1,9560.8,0.60001,62.5,1,292,265.5,1732705208186,11:00:09.5591
47,1,9560.8,0.60001,187.5,1,294,265.5,1732705208186,11:00:09.6616
48,1,9560.8,0.60001,187.5,1,295,265.5,1732705208186,11:00:09.8725
49,1,9560.8,0.60001,187.5,1,296,265.5,1732705208186,11:00:09.9840
50,1,9560.8,0.60002,187.5,1,311,265.5,1732705208186,11:00:10.0813
51,1,9560.8,0.60002,187.5,1,315,265.5,1732705208186,11:00:10.1886
52,1,9560.8,0.60002,187.5,1,316,265.5,1732705208186,11:00:10.3097
53,1,9560.8,0.60002,125,1,319,265.5,1732705208186,11:00:10.6887
54,1,9560.8,0.60003,187.5,1,325,265.5,1732705208186,11:00:10.7950
55,1,9560.8,0.60003,187.5,1,326,265.5,1732705208186,11:00:10.9057
56,1,9560.8,0.60003,187.5,1,330,265.5,1732705208186,11:00:11.1140
57,1,9560.8,0.60003,125,1,336,265.5,1732705208186,11:00:11.2221
58,1,9560.8,0.60004,187.5,1,341,265.5,1732705208186,11:00:11.3234
59,1,9560.8,0.60004,187.5,1,342,265.5,1732705208186,11:00:11.4381
60,1,9560.8,0.60004,187.5,1,343,265.5,1732705208186,11:00:11.5394
61,1,9560.8,0.60004,187.5,1,344,265.5,1732705208186,11:00:11.6438
62,1,9560.8,0.60004,187.5,1,345,265.5,1732705208186,11:00:11.7512
63,1,9560.8,0.6,111.5,1,348,265.5,1732705208186,11:00:11.8585
64,1,9560.8,0.9888,10.1,1,352,265.5,1732705208186,11:00:11.9758
65,1,9560.8,0.9888,10.1,1,354,265.5,1732705208186,11:00:12.0914
66,1,9560.8,0.9888,10.1,1,355,265.5,1732705208186,11:00:12.2873
67,1,9560.8,0.9888,10.1,1,356,265.5,1732705208186,11:00:12.4884
68,1,9560.8,0.9888,10.1,1,361,265.5,1732705208186,11:00:12.5967
69,1,9560.8,0.9888,10.1,1,363,265.5,1732705208186,11:00:12.7037
70,1,9560.8,0.9888,10.1,1,364,265.5,1732705208186,11:00:12.9054
71,1,9560.8,0.9888,10.1,1,365,265.5,1732705208186,11:00:13.5611
72,1,9560.8,0.9888,10.1,1,368,265.5,1732705208186,11:00:13.6673
73,1,9560.8,0.9888,10.1,1,372,265.5,1732705208186,11:00:13.7733
74,1,9560.8,0.9888,10.1,1,373,265.5,1732705208186,11:00:13.8810
75,1,9560.8,0.9888,10.1,1,374,265.5,1732705208186,11:00:13.9835
76,1,9560.8,0.9888,10.1,1,375,265.5,1732705208186,11:00:14.0883
77,1,9560.8,0.9888,10.1,1,379,265.5,1732705208186,11:00:14.1921
78,1,9560.8,0.9888,10.1,1,383,265.5,1732705208186,11:00:14.2995
79,1,9560.8,0.98901,65.7,1,384,265.5,1732705208186,11:00:14.3997
80,1,9560.8,0.98901,65.7,1,385,265.5,1732705208186,11:00:14.5069
81,1,9560.8,0.98901,65.7,1,386,265.5,1732705208186,11:00:14.6117
82,1,9560.8,0.98901,65.7,1,392,265.5,1732705208186,11:00:14.7205
83,1,9560.8,0.98901,65.7,1,396,265.5,1732705208186,11:00:14.8223
84,1,9560.8,0.9888,10.1,1,399,265.5,1732705208186,11:00:14.9307
85,1,9560.8,0.6001,150.9,1,409,265.5,1732705208186,11:00:15.3801
86,1,9560.8,0.6001,150.9,1,410,265.5,1732705208186,11:00:15.4823
87,1,9261.4,0.6001,150.9,1,411,299.4,1732705215507,11:00:15.5946
88,1,9261.4,0.6001,150.9,1,414,299.4,1732705215507,11:00:15.6968
89,1,9261.4,0.9576,26.1,1,416,299.4,1732705215507,11:00:15.9131
90,1,9261.4,0.9576,26.1,1,425,299.4,1732705215507,11:00:16.0114
91,1,9261.4,0.9576,26.1,1,427,299.4,1732705215507,11:00:16.1339
92,1,8762.8,0.9639,67.4,1,430,498.6,1732705216168,11:00:16.2367
93,1,8512.8,0.9639,67.4,1,431,250,1732705216498,11:00:16.5713
94,1,8512.8,0.9639,67.4,1,439,250,1732705216498,11:00:16.6782
95,1,8482.7,0.9639,67.4,1,441,30.1,1732705216667,11:00:16.7841
96,1,8482.7,0.9639,67.4,1,442,30.1,1732705216667,11:00:16.8865
97,1,8232.7,0.9639,67.4,1,444,250,1732705216908,11:00:16.9882
98,1,8232.7,0.9639,67.4,1,445,250,1732705216908,11:00:17.2154
99,1,7982.7,0.9576,26.1,1,453,250,1732705217253,11:00:17.3184
100,1,7952.2,0.9576,26.1,1,455,30.5,1732705217528,11:00:17.6416
101,1,7952.2,0.992,100.8,1,456,30.5,1732705217528,11:00:17.7445
102,1,7952.2,0.992,100.8,1,463,30.5,1732705217528,11:00:17.8541
103,1,7270.2,0.992,100.8,1,466,30.5,1732705217528,11:00:17.9619
104,1,7270.2,0.992,100.8,1,467,682,1732705217916,11:00:18.0633
105,1,7270.2,0.992,100.8,1,468,682,1732705217916,11:00:18.3076
106,1,7270.2,0.992,100.8,1,474,682,1732705217916,11:00:18.4197
107,1,7174,0.992,100.8,1,475,96.2,1732705218530,11:00:18.6353
108,1,7124.1,0.992,100.8,1,476,96.2,1732705218530,11:00:18.7409
109,1,7027.9,0.992,100.8,1,478,96.2,1732705218747,11:00:18.8384
110,1,6978.1,0.992,100.8,1,485,49.8,1732705218815,11:00:18.9443
111,1,6928.3,0.95987,150.6,1,488,49.8,1732705218967,11:00:19.0483
112,1,6928.3,0.95987,150.6,1,490,49.8,1732705218967,11:00:19.1556
113,1,6928.3,0.95987,150.6,1,492,49.8,1732705218967,11:00:19.2585
114,1,6928.3,0.95987,150.6,1,493,49.8,1732705218967,11:00:19.5893
115,1,6928.3,0.95988,153,1,501,49.8,1732705218967,11:00:19.6902
116,1,6928.3,0.95988,153,1,503,49.8,1732705218967,11:00:19.7906
117,1,6928.3,0.95988,153,1,504,49.8,1732705218967,11:00:20.0044
118,1,6678.3,0.95988,153,1,505,250,1732705220233,11:00:20.3209
119,1,6678.3,0.95989,153,1,515,250,1732705220233,11:00:20.4313
120,1,6678.3,0.95989,153,1,519,250,1732705220233,11:00:20.5382
121,1,6678.3,0.95989,153,1,520,250,1732705220233,11:00:20.6372
122,1,6678.3,0.95989,153,1,521,250,1732705220233,11:00:21.2700
123,1,6678.3,0.9599,153,1,527,250,1732705220233,11:00:21.3721
124,1,6678.3,0.9995,50,1,528,250,1732705220233,11:00:21.5798
125,1,6668.3,0.9995,50,1,532,10,1732705221608,11:00:21.6903
126,1,6418.3,0.9995,50,1,534,250,1732705221680,11:00:21.7936
127,1,6418.3,0.9995,50,1,541,250,1732705221680,11:00:21.9027
128,1,6368.3,0.9995,50,1,542,50,1732705222131,11:00:22.2217
129,1,5391.5,0.9995,50,1,548,976.8,1732705222548,11:00:22.7009
130,1,5391.5,0.9995,50,1,550,976.8,1732705222548,11:00:22.8268
131,1,5391.5,0.9995,50,1,551,976.8,1732705222548,11:00:22.9305
132,0,0,0.9995,50,1,553,250,1732705223138,11:00:23.2822
133,0,0,0.9995,50,1,554,250,1732705223138,11:00:23.3868
134,0,0,0.9995,50,1.00001,557,24.9,1732705223719,11:00:23.8289
135,0,0,1.0044,133.5,1.00001,561,32.2,1732705223793,11:00:23.9290
136,0,0,1.00854,178.7,1.0083,565,19.6,1732705223970,11:00:24.0375
137,0,0,1.00854,178.7,1.0083,568,19.6,1732705223970,11:00:24.1433
138,0,0,1.00854,178.7,1.0083,570,19.6,1732705223970,11:00:24.2412
139,0,0,1.00854,178.7,1.0083,573,19.6,1732705223970,11:00:24.3622
140,0,0,1.00854,178.7,1.0083,574,19.6,1732705223970,11:00:24.5761
141,0,0,1.00854,178.7,1.01499,577,24.6,1732705224568,11:00:24.6863
142,1.15713,299.4,1.00949,49.5,1.01499,581,24.6,1732705224568,11:00:24.7987
143,1.15713,299.4,1.00949,49.5,1.01499,582,24.6,1732705224568,11:00:24.9135
144,1.15713,299.4,1.00949,49.5,1.01499,590,24.6,1732705224568,11:00:25.0280
145,1.15713,299.4,1.00949,49.5,1.01499,591,24.6,1732705224568,11:00:25.1524
146,1.15713,299.4,1.00949,49.5,1.01499,592,24.6,1732705224568,11:00:25.2660
147,1.15713,299.4,1.02578,194.9,1.01499,595,24.6,1732705224568,11:00:25.3739
148,1.15713,299.4,1.02578,194.9,1.01499,600,24.6,1732705224568,11:00:25.4753
149,1.15713,299.4,1.02578,194.9,1.01499,609,24.6,1732705224568,11:00:25.5809
150,1.15713,299.4,1.02578,194.9,1.01499,613,24.6,1732705224568,11:00:25.6837
151,1.15713,299.4,1.02578,194.9,1.01499,615,24.6,1732705224568,11:00:25.7837
152,1.15713,218.5,1.02578,194.9,1.15713,616,80.9,1732705225804,11:00:25.8871
153,1.15713,218.5,1.02578,194.9,1.15713,617,80.9,1732705225804,11:00:25.9843
154,0,0,1.02578,194.9,1.15713,625,80.9,1732705225804,11:00:26.0902
155,0,0,1.02578,194.9,1.15713,629,80.9,1732705225804,11:00:26.2007
156,0,0,1.02578,194.9,1.15713,630,80.9,1732705225804,11:00:26.3106
157,0,0,1.02578,194.9,1.15713,634,80.9,1732705225804,11:00:26.4160
158,0,0,1.02578,194.9,1.15713,636,80.9,1732705225804,11:00:26.5371
159,0,0,1.02578,194.9,1.15713,639,80.9,1732705225804,11:00:26.6446
160,0,0,1.02578,194.9,1.15713,641,80.9,1732705225804,11:00:26.7557
161,0,0,1.037,54.9,1.15713,643,80.9,1732705225804,11:00:26.8715
162,0,0,1.037,54.9,1.15713,648,80.9,1732705225804,11:00:26.9978
163,0,0,1.037,54.9,1.15713,652,80.9,1732705225804,11:00:27.0977
164,0,0,1.037,54.9,1.15713,655,80.9,1732705225804,11:00:27.2332
165,0,0,1.037,54.9,1.15713,656,80.9,1732705225804,11:00:27.3513
166,0,0,1.037,54.9,1.15713,657,80.9,1732705225804,11:00:27.4568
167,0,0,1.05798,472.5,1.15713,661,80.9,1732705225804,11:00:27.5581
168,0,0,1.05798,472.5,1.15713,665,80.9,1732705225804,11:00:27.6753
169,0,0,1.05798,472.5,1.15713,667,80.9,1732705225804,11:00:27.7848
170,0,0,1.05798,472.5,1.15713,669,80.9,1732705225804,11:00:27.8891
171,0,0,1.062,53.6,1.15713,670,80.9,1732705225804,11:00:28.0054
172,0,0,1.062,53.6,1.15713,675,80.9,1732705225804,11:00:28.1066
173,0,0,1.062,53.6,1.15713,676,80.9,1732705225804,11:00:28.2147
174,0,0,1.062,53.6,1.15713,679,80.9,1732705225804,11:00:28.3215
175,0.9,1301.2,0.6095,1640,0.9,706,58.5,1732705228316,11:00:28.4278
176,0.9,1301.2,0.6095,1640,0.9,710,58.5,1732705228316,11:00:28.5454
177,0.9,1301.2,0.6095,1640,0.9,712,58.5,1732705228316,11:00:28.7512
178,0.9,1301.2,0.60951,61.2,0.9,718,58.5,1732705228316,11:00:28.8574
179,0.9,1301.2,0.60951,61.2,0.9,719,58.5,1732705228316,11:00:28.9624
180,0.89997,36.6,0.60951,61.2,0.9,720,58.5,1732705228316,11:00:29.3520
181,0.89997,36.6,0.60951,40.8,0.9,727,58.5,1732705228316,11:00:29.4542
182,0.89997,36.6,0.60952,61.2,0.9,732,58.5,1732705228316,11:00:29.5836
183,0.89997,36.6,0.60952,2.7,0.60952,735,17.7,1732705229581,11:00:29.7048
184,0.858,192.4,0.60952,2.7,0.60952,736,17.7,1732705229581,11:00:29.9315
185,0.858,192.4,0.60952,2.7,0.60952,746,17.7,1732705229581,11:00:30.0315
186,0.858,192.4,0.60002,185,0.60952,750,17.7,1732705229581,11:00:30.1349
187,0.858,192.4,0.60002,185,0.60952,751,17.7,1732705229581,11:00:30.2379
188,0.858,192.4,0.60002,185,0.60952,752,17.7,1732705229581,11:00:30.3629
189,0.858,192.4,0.60002,185,0.60952,755,17.7,1732705229581,11:00:30.4734
190,0.858,192.4,0.60002,185,0.60952,761,17.7,1732705229581,11:00:30.5733
191,0.85797,36.6,0.60002,185,0.60952,763,17.7,1732705229581,11:00:30.8985
192,0.85797,36.6,0.60002,185,0.60952,764,17.7,1732705229581,11:00:31.1023
193,0.85797,36.6,0.60002,185,0.60952,766,17.7,1732705229581,11:00:31.2051
194,0.7776,24.4,0.60002,185,0.60952,771,17.7,1732705229581,11:00:31.3185
195,0.7776,24.4,0.60002,185,0.60952,776,17.7,1732705229581,11:00:31.4339
196,0.7776,24.4,0.60002,185,0.60952,781,17.7,1732705229581,11:00:31.5375
197,0.7776,24.4,0.60002,185,0.60952,782,17.7,1732705229581,11:00:31.6389
198,0.9,1301.2,0.89997,283.5,0.77761,791,18.5,1732705231686,11:00:31.7416
199,0.9,1019.1,0.89997,283.5,0.9,793,282.1,1732705231769,11:00:31.8440
200,0.9,1019.1,0.89997,246.9,0.89997,797,36.6,1732705231825,11:00:31.9449
201,0.89999,111.2,0.89997,246.9,0.89997,800,36.6,1732705231825,11:00:32.8184
202,0.89999,166.8,0.89997,54.5,0.89997,802,192.4,1732705232823,11:00:32.9215
203,0.89999,166.8,0.89997,54.5,0.89997,804,192.4,1732705232823,11:00:33.1593
204,0.9,845,0.89997,54.5,0.9,812,174.1,1732705233210,11:00:33.2609
205,0.89999,21.2,0.89997,54.5,0.9,818,174.1,1732705233210,11:00:33.3665
206,0.89999,21.2,0.89997,54.5,0.9,821,174.1,1732705233210,11:00:33.4723
207,0.89999,21.2,0.89997,54.5,0.9,823,174.1,1732705233210,11:00:33.5738
208,0.89999,21.2,0.89997,54.5,0.9,825,174.1,1732705233210,11:00:33.6792
209,0.89999,21.2,0.89997,54.5,0.9,827,174.1,1732705233210,11:00:33.8792
210,0.89999,21.2,0.89997,54.5,0.9,834,174.1,1732705233210,11:00:33.9924
211,0.89999,21.2,0.89997,54.5,0.9,836,174.1,1732705233210,11:00:34.1014
212,0.89999,21.2,0.89997,54.5,0.9,838,174.1,1732705233210,11:00:34.2044
213,0.89999,21.2,0.89997,54.5,0.9,840,174.1,1732705233210,11:00:34.3096
214,0.89999,21.2,0.89997,54.5,0.9,841,174.1,1732705233210,11:00:34.4363
215,0.89999,21.2,0.89997,54.5,0.9,848,174.1,1732705233210,11:00:34.5354
216,0.8944,627.5,0.858,201.6,0.89997,855,54.5,1732705234554,11:00:34.6346
217,0.8944,627.5,0.858,201.6,0.89997,858,54.5,1732705234554,11:00:34.7338
218,0.8944,564.4,0.858,201.6,0.8944,863,63.1,1732705234762,11:00:34.8416
219,0.8944,564.4,0.858,201.6,0.8944,865,63.1,1732705234762,11:00:34.9495
220,0.89439,21.2,0.858,201.6,0.8944,873,63.1,1732705234936,11:00:35.0582
221,0.8944,459.4,0.858,201.6,0.8944,882,41.9,1732705235050,11:00:35.1657
222,0.8944,459.4,0.858,201.6,0.8944,885,41.9,1732705235050,11:00:35.2730
223,0.8944,459.4,0.858,201.6,0.8944,886,41.9,1732705235050,11:00:35.3750
224,0.9,845,0.858,201.6,0.8944,888,41.9,1732705235050,11:00:35.4837
225,0.9,845,0.858,201.6,0.8944,896,41.9,1732705235050,11:00:35.5888
226,0.9,845,0.858,201.6,0.8944,899,41.9,1732705235050,11:00:35.6925
227,0.89334,67.7,0.858,201.6,0.8944,901,41.9,1732705235050,11:00:35.9212
228,0.89334,4.6,0.858,201.6,0.89334,903,63.1,1732705235893,11:00:36.0272
229,0.9,786.5,0.858,201.6,0.9,915,58.5,1732705236052,11:00:36.1452
230,0.9,786.5,0.858,201.6,0.9,918,58.5,1732705236052,11:00:36.2455
231,0.9,723.4,0.858,201.6,0.9,922,63.1,1732705236214,11:00:36.3634
232,0.9,460.3,0.858,201.6,0.9,924,63.1,1732705236395,11:00:36.4764
233,0.9,460.3,0.858,201.6,0.9,928,63.1,1732705236395,11:00:36.5767
234,0.9,460.3,0.858,201.6,0.9,931,63.1,1732705236395,11:00:36.6799
235,0.9,460.3,0.858,201.6,0.9,932,63.1,1732705236395,11:00:36.7803
236,0.9,460.3,0.858,201.6,0.9,933,63.1,1732705236395,11:00:36.8845
237,0.9,460.3,0.858,201.6,0.9,935,63.1,1732705236395,11:00:36.9960
238,0.9,460.3,0.85801,105.9,0.9,940,63.1,1732705236395,11:00:37.1140
239,0.9,460.3,0.85801,162.8,0.9,941,63.1,1732705236395,11:00:37.2352
240,0.9,460.3,0.85801,162.8,0.9,942,63.1,1732705236395,11:00:37.3456
241,0.9,460.3,0.85802,162.8,0.9,949,63.1,1732705236395,11:00:37.6682
242,0.9,460.3,0.85932,75.6,0.9,950,63.1,1732705236395,11:00:37.7768
243,0.9,416.1,0.85932,75.6,0.9,952,63.1,1732705236395,11:00:37.8941
244,0.899,50,0.85932,75.6,0.9,953,44.2,1732705237849,11:00:38.0026
245,0.9,395.1,0.85932,75.6,0.9,957,21,1732705238046,11:00:38.1151
246,0.9,395.1,0.85933,162.8,0.9,963,21,1732705238046,11:00:38.2445
247,0.9,395.1,0.85933,162.8,0.9,964,21,1732705238046,11:00:38.3423
248,0.9,395.1,0.85933,162.8,0.9,969,21,1732705238046,11:00:38.4469
249,0.9,395.1,0.85933,162.8,0.9,970,21,1732705238046,11:00:38.5897
250,0.9,395.1,0.85934,113.6,0.9,976,21,1732705238046,11:00:38.6989
251,0.9,395.1,0.85934,162.5,0.9,977,21,1732705238046,11:00:38.8088
252,0.9,395.1,0.85934,162.5,0.9,978,21,1732705238046,11:00:39.0796
253,0.9,28.9,0.85934,162.5,0.9,981,144,1732705239280,11:00:39.3718
254,0.9,28.9,0.85935,162.5,0.9,987,144,1732705239280,11:00:39.4759
255,0.9,28.9,0.85935,162.5,0.9,988,144,1732705239280,11:00:39.5738
256,0.9,28.9,0.85935,162.5,0.9,991,144,1732705239280,11:00:39.6761
257,0.9,13.1,0.85935,162.5,0.9,992,15.8,1732705239690,11:00:39.7874
258,0.9,13.1,0.85935,162.5,0.9,993,15.8,1732705239690,11:00:39.8916
259,0.9,13.1,0.85936,162.5,0.9,1000,15.8,1732705239690,11:00:39.9976
260,0.9,13.1,0.85936,162.5,0.9,1001,15.8,1732705239690,11:00:40.2053
261,0.9,13.1,0.85936,162.5,0.9,1002,15.8,1732705239690,11:00:40.7382
262,0.9,13.1,0.85937,162.5,0.9,1008,15.8,1732705239690,11:00:40.8391
263,0.9,13.1,0.85937,162.5,0.9,1010,15.8,1732705239690,11:00:40.9441
264,0.9,13.1,0.85937,162.5,0.9,1011,15.8,1732705239690,11:00:41.0618
265,0.9,13.1,0.85937,162.5,0.9,1012,15.8,1732705239690,11:00:41.6475
266,0.9,13.1,0.85938,162.5,0.9,1019,15.8,1732705239690,11:00:41.7562
267,1.128,80.9,0.9,530,0.85938,1022,10,1732705241897,11:00:41.9733
268,1.128,80.9,0.9,530,0.9,1026,13.1,1732705241929,11:00:42.0748
269,1.128,80.9,0.9,559.4,0.9,1029,13.1,1732705241929,11:00:42.1776
270,1.128,80.9,0.9,559.4,0.9,1035,13.1,1732705241929,11:00:42.2901
271,1.1094,459.4,0.9,559.4,0.9,1036,13.1,1732705241929,11:00:42.4075
272,1.1094,459.4,0.9,378.5,0.9,1041,13.1,1732705241929,11:00:42.5343
273,1.1094,459.4,0.9,378.5,0.9,1043,180.9,1732705242491,11:00:42.6385
274,1.1094,459.4,0.90003,36.4,0.9,1046,180.9,1732705242491,11:00:42.7461
275,1.10939,10,0.90003,36.4,0.9,1053,180.9,1732705242491,11:00:42.8551
276,1.1094,459.4,0.90003,36.4,0.9,1055,180.9,1732705242491,11:00:43.4386
277,1.1094,459.4,0.90003,16.8,0.90003,1061,19.6,1732705243420,11:00:43.5416
278,1.1094,459.4,0.90003,16.8,0.90003,1063,19.6,1732705243420,11:00:43.8736
279,1.1094,459.4,0.90003,16.8,0.90003,1067,19.6,1732705243420,11:00:44.4449
280,1.034,80.9,0.90003,16.8,0.90003,1074,19.6,1732705243420,11:00:44.5599
281,1.034,80.9,0.90003,16.8,0.90003,1076,19.6,1732705243420,11:00:44.6694
282,1.034,80.9,0.90003,16.8,0.90003,1078,19.6,1732705243420,11:00:44.7749
283,1.034,80.9,0.90003,16.8,0.90003,1080,19.6,1732705243420,11:00:44.9814
284,1.034,80.9,0.90003,16.8,0.90003,1087,19.6,1732705243420,11:00:45.0812
285,1.034,80.9,0.90003,16.8,0.90003,1090,19.6,1732705243420,11:00:45.1919
286,1.034,80.9,0.90003,16.8,0.90003,1092,19.6,1732705243420,11:00:45.3064
287,1.034,80.9,1,18.9,0.90003,1095,19.6,1732705243420,11:00:45.4102
288,1.034,80.9,1,18.9,0.90003,1097,19.6,1732705243420,11:00:45.6554
289,1.034,80.9,1,18.9,0.90003,1103,19.6,1732705243420,11:00:45.7588
290,1.034,80.9,1,18.9,0.90003,1104,19.6,1732705243420,11:00:45.8903
291,1.034,80.9,1,18.9,0.90003,1105,19.6,1732705243420,11:00:46.0118
292,1.034,80.9,1,18.9,0.90003,1106,19.6,1732705243420,11:00:46.5607
293,1.034,80.9,1,18.9,0.90003,1108,19.6,1732705243420,11:00:46.6750
294,1.034,80.9,1,18.9,0.90003,1114,19.6,1732705243420,11:00:46.7832
295,1.034,80.9,1,18.9,0.90003,1116,19.6,1732705243420,11:00:46.8905
296,1.034,80.9,1,18.9,0.90003,1117,19.6,1732705243420,11:00:47.0943
297,1.034,80.9,1,18.9,0.90003,1118,19.6,1732705243420,11:00:47.3068
298,1.034,80.9,1,18.9,0.90003,1125,19.6,1732705243420,11:00:47.4151
299,1.034,80.9,1,18.9,0.90003,1129,19.6,1732705243420,11:00:47.6096
300,1.0179,35.7,1,18.9,0.90003,1130,19.6,1732705243420,11:00:47.7151
301,1.0179,35.7,1,18.9,0.90003,1133,19.6,1732705243420,11:00:47.8298
302,1.0179,35.7,1,18.9,0.90003,1141,19.6,1732705243420,11:00:47.9325
303,1.0179,35.7,1,18.9,0.90003,1145,19.6,1732705243420,11:00:48.0329
304,1.0179,35.7,1,18.9,0.90003,1146,19.6,1732705243420,11:00:48.4714
305,1.01787,19.6,1,18.9,0.90003,1154,19.6,1732705243420,11:00:48.5773
306,1.01787,19.6,1,18.9,0.90003,1157,19.6,1732705243420,11:00:48.6871
307,0.987,62,0.91003,130.9,1,1160,18.9,1732705248951,11:00:49.0140
308,0.987,62,0.91004,97.5,1,1169,18.9,1732705248951,11:00:49.1206
309,0.987,62,0.91004,140.2,1,1172,18.9,1732705248951,11:00:49.2379
310,0.987,62,0.91004,140.2,1,1173,18.9,1732705248951,11:00:49.4751
311,0.987,62,0.91004,140.2,1,1174,18.9,1732705248951,11:00:49.5807
312,0.987,62,0.91004,140.2,1,1175,18.9,1732705248951,11:00:49.6794
313,1,40,0.91005,97.5,1,1185,18.9,1732705248951,11:00:49.7884
314,1,40,0.91005,140.2,1,1187,18.9,1732705248951,11:00:49.8933
315,1.1094,15.8,1.102,43.1,1.01447,1193,10,1732705249936,11:00:50.0114
316,1.1094,15.8,1.102,43.1,1.01447,1196,10,1732705249936,11:00:50.1158
317,1.1094,15.8,1.102,20,1.102,1197,23.1,1732705250155,11:00:50.2218
318,1.1094,15.8,1.102,20,1.102,1203,23.1,1732705250155,11:00:50.3292
319,1.0125,15.7,0.94385,127.7,1.102,1205,23.1,1732705250155,11:00:50.4325
320,1.0125,15.7,0.94385,127.7,1.102,1210,20,1732705250388,11:00:50.6527
321,1.0125,15.7,0.94385,127.7,1.102,1212,20,1732705250388,11:00:50.7595
322,1.0125,15.7,0.94386,145.4,1.102,1219,20,1732705250388,11:00:50.8605
323,1.0125,15.7,0.94386,145.4,1.102,1220,20,1732705250388,11:00:51.0628
324,1.0125,15.7,0.94386,145.4,1.102,1221,20,1732705250388,11:00:51.2744
325,1.0125,15.7,0.94386,94.3,1.102,1222,20,1732705250388,11:00:51.3811
326,1.0672,99,0.94387,145.4,1.102,1230,20,1732705250388,11:00:51.4830
327,1.0672,99,0.94387,145.4,1.102,1233,20,1732705250388,11:00:51.6068
328,1.0672,99,0.94387,145.4,1.102,1236,20,1732705250388,11:00:51.7169
329,1.0672,99,0.94387,145.4,1.102,1237,20,1732705250388,11:00:51.9266
330,1.0672,99,0.94388,141.2,1.102,1246,20,1732705250388,11:00:52.0335
331,1.0672,99,0.94388,141.2,1.102,1247,20,1732705250388,11:00:52.2513
332,1.0206,15.7,0.94388,141.2,1.102,1249,20,1732705250388,11:00:52.3582
333,1.0206,15.7,0.91005,106.7,1.102,1254,20,1732705250388,11:00:52.4599
334,1.0206,15.7,0.94389,144.8,1.102,1260,20,1732705250388,11:00:52.5778
335,1.0206,15.7,0.94389,144.8,1.102,1262,20,1732705250388,11:00:52.6792
336,1.0206,15.7,0.94389,144.8,1.102,1267,20,1732705250388,11:00:52.9359
337,1.0206,15.7,0.94389,144.8,1.102,1268,20,1732705250388,11:00:53.0317
338,1.0206,15.7,0.9439,144.8,1.102,1275,20,1732705250388,11:00:53.1481
339,1.0206,15.7,0.9439,144.8,1.102,1276,20,1732705250388,11:00:53.2541
340,1.0578,459.4,0.9439,144.8,1.02061,1278,8.3,1732705253229,11:00:53.3556
341,1.0578,459.4,0.9439,144.8,1.02061,1280,8.3,1732705253229,11:00:53.4614
342,1.0578,459.4,0.9439,144.8,1.02061,1284,8.3,1732705253229,11:00:53.5680
343,1.0578,459.4,0.94391,142.1,1.02061,1290,8.3,1732705253229,11:00:53.6777
344,1.0578,459.4,0.94391,142.1,1.02061,1291,8.3,1732705253229,11:00:53.7890
345,1.0578,459.4,0.94391,142.1,1.02061,1292,8.3,1732705253229,11:00:53.8920
346,1.0578,459.4,0.94391,92.1,1.02061,1294,8.3,1732705253229,11:00:54.2496
347,1.0578,459.4,0.94392,142.1,1.02061,1300,8.3,1732705253229,11:00:54.3633
348,1.0578,459.4,0.94392,142.1,1.02061,1301,8.3,1732705253229,11:00:54.9012
349,1.0578,459.4,0.94392,42.1,1.02061,1303,8.3,1732705253229,11:00:55.0025
350,1.0578,459.4,0.94393,142.1,1.02061,1307,8.3,1732705253229,11:00:55.1178
351,1.0578,459.4,0.94393,142.1,1.02061,1308,8.3,1732705253229,11:00:55.2556
352,1.0578,459.4,0.94393,142.1,1.02061,1309,8.3,1732705253229,11:00:55.3614
353,1.0578,459.4,0.94393,142.1,1.02061,1310,8.3,1732705253229,11:00:55.5666
354,1.0578,459.4,0.94394,142.1,1.02061,1317,8.3,1732705253229,11:00:55.6647
355,1.0578,459.4,1,19.9,1.02061,1318,8.3,1732705253229,11:00:55.7793
356,1.0578,459.4,1,19.9,1.02061,1319,8.3,1732705253229,11:00:55.8843
357,1.02816,97.2,1,19.9,1.02061,1321,8.3,1732705253229,11:00:55.9901
358,1.02816,97.2,1,19.9,1.02061,1323,8.3,1732705253229,11:00:56.0926
359,1.02816,97.2,1,19.9,1.02061,1330,8.3,1732705253229,11:00:56.1942
360,1.02816,97.2,1,19.9,1.02061,1332,8.3,1732705253229,11:00:56.3159
361,1.0578,2.6,1,19.9,1.0578,1337,456.8,1732705256364,11:00:56.4317
362,1.0578,2.6,1,19.9,1.0578,1338,456.8,1732705256364,11:00:56.5310
363,1.0578,2.6,1.02061,19.7,1.0578,1339,456.8,1732705256364,11:00:56.9445
364,1.0578,2.6,1.02061,19.7,1.0578,1345,456.8,1732705256364,11:00:57.0541
365,1.0578,2.6,1.02061,19.7,1.0578,1347,456.8,1732705256364,11:00:57.1712
366,1.0578,2.6,1.02061,19.7,1.0578,1349,456.8,1732705256364,11:00:57.2913
367,1.0672,99,1.02061,19.7,1.0578,1351,456.8,1732705256364,11:00:57.7370
368,1.0672,99,1.02061,19.7,1.0578,1358,456.8,1732705256364,11:00:57.8382
369,1.0672,99,1.02061,19.7,1.0578,1361,456.8,1732705256364,11:00:57.9595
370,1.0672,99,1.02061,19.7,1.0578,1362,456.8,1732705256364,11:00:58.0920
371,1.0672,99,1.02061,19.7,1.0578,1363,456.8,1732705256364,11:00:58.2123
372,1.0672,99,1.02061,19.7,1.0578,1364,456.8,1732705256364,11:00:58.4270
373,1.0672,99,1.02061,19.7,1.0578,1370,456.8,1732705256364,11:00:58.5299
374,1.0672,99,1.02061,19.7,1.0578,1371,456.8,1732705256364,11:00:58.6542
375,1.0672,62.5,1.02061,19.7,1.0578,1373,456.8,1732705256364,11:00:58.7523
376,1.0672,62.5,1.02061,19.7,1.0672,1375,36.5,1732705258707,11:00:58.9680
377,1.0672,62.5,1.02061,19.7,1.0672,1380,36.5,1732705258707,11:00:59.0781
378,1.01796,78.5,1.00369,135.8,1.0672,1382,36.5,1732705258707,11:00:59.3542
379,1.01796,78.5,1.00369,87.9,1.02061,1385,19.7,1732705259310,11:00:59.5597
380,1.01796,78.5,1.0037,49.5,1.02061,1393,19.7,1732705259310,11:00:59.6654
381,1.01796,78.5,1.0037,49.5,1.02061,1394,19.7,1732705259310,11:00:59.9143
382,1.01796,78.5,1,31.8,1.02061,1395,19.7,1732705259310,11:01:00.0176
383,1.01796,78.5,1,31.8,1.02061,1398,19.7,1732705259310,11:01:00.1200
384,0.99301,68.9,0.95003,91.3,1,1403,11.9,1732705260104,11:01:00.2171
385,0.99301,68.9,0.95003,91.3,1,1405,11.9,1732705260104,11:01:00.3592
386,0.99301,68.9,0.95003,91.3,1,1406,11.9,1732705260104,11:01:00.6892
387,0.99301,68.9,0.95004,103,1,1411,11.9,1732705260104,11:01:00.7981
388,0.99301,68.9,0.95004,146.6,1,1412,11.9,1732705260104,11:01:00.8992
389,1.0672,62.5,0.95004,146.6,1,1414,11.9,1732705260104,11:01:01.1143
390,1.0672,62.5,0.95004,146.6,1,1416,11.9,1732705260104,11:01:01.3122
391,1.0672,62.5,0.95,10,1,1421,11.9,1732705260104,11:01:01.4274
392,1.00776,99.2,0.95005,98,0.95005,1428,42.9,1732705261477,11:01:01.5993
393,1.00776,99.2,0.95005,98,0.95005,1429,42.9,1732705261477,11:01:01.6332
394,1.00776,99.2,0.95005,98,0.95005,1431,42.9,1732705261477,11:01:01.7328
395,1.00776,99.2,0.95005,98,0.95005,1433,42.9,1732705261477,11:01:02.3713
396,0.95002,605.8,0.95,10,0.95005,1437,42.9,1732705261477,11:01:02.4757
397,0.94311,96,0.91005,106.7,0.95,1439,10,1732705262612,11:01:02.7051
398,0.94311,96,0.91005,106.7,0.95,1441,10,1732705262612,11:01:02.8225
399,0.94311,96,0.91006,100.1,0.95,1447,10,1732705262612,11:01:02.9284
400,0.94311,96,0.91006,111.2,0.95,1448,10,1732705262612,11:01:03.0368
401,0.94311,96,0.91006,111.2,0.95,1449,10,1732705262612,11:01:03.2465
402,1.04052,48.6,0.91006,111.2,1.02769,1458,42.9,1732705263231,11:01:03.3662
403,1.04052,48.6,0.91005,106.7,0.91007,1463,43.5,1732705263378,11:01:03.4710
404,1.04052,48.6,0.91007,461.7,0.91007,1469,43.5,1732705263378,11:01:03.5783
405,1.04052,48.6,0.91008,315.7,0.91007,1475,43.5,1732705263378,11:01:03.6888
406,1.04052,48.6,0.91008,315.7,0.91007,1476,43.5,1732705263378,11:01:04.1290
407,1.04052,48.6,0.91009,94.7,0.91007,1481,43.5,1732705263378,11:01:04.2287
408,1.04052,48.6,0.9202,38,0.91007,1485,43.5,1732705263378,11:01:04.3342
409,1.04052,48.6,0.92021,210.5,0.91007,1488,43.5,1732705263378,11:01:04.4441
410,1.04052,48.6,0.92022,105.2,0.91007,1491,43.5,1732705263378,11:01:04.7600
411,1.04052,48.6,0.92023,94.1,0.91007,1497,43.5,1732705263378,11:01:04.8629
412,1.04052,48.6,0.92023,145.1,0.91007,1498,43.5,1732705263378,11:01:04.9704
413,1.04052,48.6,0.92023,355.6,0.91007,1501,43.5,1732705263378,11:01:05.0822
414,1.02044,62.5,0.92024,105.2,0.91007,1506,43.5,1732705263378,11:01:05.1879
415,1.02043,105.1,0.91,80.2,0.91,1519,169.9,1732705265157,11:01:05.2892
416,1.02043,105.1,0.91001,105.2,0.91,1527,169.9,1732705265157,11:01:05.3946
417,1.02043,105.1,0.91002,210.5,0.91,1529,169.9,1732705265157,11:01:05.4980
418,1.02043,53.1,0.91,80.2,1.02043,1535,52,1732705265547,11:01:05.6108
419,1.02043,53.1,0.91004,210.5,1.02043,1538,52,1732705265547,11:01:05.7107
420,1.02043,53.1,0.91005,105.2,1.02043,1539,52,1732705265547,11:01:05.8151
421,1.02043,53.1,0.91005,105.2,1.02043,1546,52,1732705265547,11:01:06.0295
422,0.9933,40.6,0.91002,105.2,1.02043,1552,52,1732705265547,11:01:06.1299
423,0.9933,40.6,0.91004,105.2,1.02043,1563,52,1732705265547,11:01:06.2450
424,0.9933,40.6,0.91005,210.5,1.02043,1567,52,1732705265547,11:01:06.3486
425,0.9933,40.6,0.91005,210.5,1.02043,1570,52,1732705265547,11:01:06.4570
426,0.99329,208.9,0.91005,1.5,0.91005,1573,209,1732705266451,11:01:06.5707
427,0.99328,53.1,0.91005,1.5,0.91005,1582,209,1732705266451,11:01:06.6798
428,0.99328,53.1,0.91002,210.5,0.91005,1584,209,1732705266451,11:01:06.7833
429,0.99327,208.9,0.91002,210.5,0.91005,1588,209,1732705266451,11:01:07.0030
430,0.99327,208.9,0.91004,210.5,0.91005,1592,209,1732705266451,11:01:07.1045
431,0.99326,53.1,0.91004,210.5,0.91005,1603,209,1732705266451,11:01:07.2068
432,0.99325,208.9,0.91004,210.5,0.91005,1605,209,1732705266451,11:01:07.3124
433,0.99324,53.1,0.91005,105.2,0.91005,1610,209,1732705266451,11:01:07.4168
434,0.99324,90.7,0.91005,105.2,0.91005,1614,209,1732705266451,11:01:07.5290
435,0.99323,208.9,0.91006,210.5,0.91005,1621,209,1732705266451,11:01:07.6540
436,0.99322,53.1,0.91006,210.5,0.91005,1629,209,1732705266451,11:01:07.7577
437,0.99322,53.1,0.91006,210.5,0.91005,1631,209,1732705266451,11:01:07.8664
438,0.99321,208.9,0.91006,210.5,0.91005,1633,209,1732705266451,11:01:07.9676
439,0.99321,208.9,0.91007,105.2,0.91005,1635,209,1732705266451,11:01:08.0754
440,0.98888,62.5,0.91007,105.2,0.91005,1636,209,1732705266451,11:01:08.1743
441,0.98888,62.5,0.91008,210.5,0.91005,1647,209,1732705266451,11:01:08.2820
442,0.98887,262,0.91009,105.2,0.91005,1656,209,1732705266451,11:01:08.3838
443,0.98887,53.1,0.95,369.2,0.91005,1661,209,1732705266451,11:01:08.4844
444,0.98887,53.1,0.95001,105.2,0.91005,1666,209,1732705266451,11:01:08.5906
445,0.98887,53.1,0.95001,105.2,0.91005,1669,209,1732705266451,11:01:08.7006
446,0.98887,53.1,0.95001,315.7,0.91005,1676,209,1732705266451,11:01:08.8046
447,0.9632,40.6,0.95001,315.7,0.91005,1682,209,1732705266451,11:01:08.9030
448,0.9632,40.6,0.95001,315.7,0.91005,1685,209,1732705266451,11:01:09.0151
449,0.9632,40.6,0.95001,105.2,0.91005,1691,209,1732705266451,11:01:09.1477
450,0.9632,40.6,0.95001,105.2,0.91005,1694,209,1732705266451,11:01:09.2582
451,0.9632,40.6,0.95001,105.2,0.91005,1701,209,1732705266451,11:01:09.3752
452,0.9632,40.6,0.95001,105.2,0.91005,1703,209,1732705266451,11:01:09.4799
453,0.9632,40.6,0.95001,105.2,0.91005,1705,209,1732705266451,11:01:09.6038
454,0.9632,40.6,0.95001,105.2,0.91005,1706,209,1732705266451,11:01:10.0313
455,0.9632,40.6,0.95001,105.2,0.91005,1712,209,1732705266451,11:01:10.1369
456,0.96317,37.6,0.95001,105.2,0.91005,1713,209,1732705266451,11:01:10.3479
457,0.96317,37.6,0.95001,105.2,0.91005,1715,209,1732705266451,11:01:10.4531
458,0.96317,37.6,0.95001,105.2,0.91005,1717,209,1732705266451,11:01:10.5568
459,0.96317,37.6,0.95001,105.2,0.91005,1723,209,1732705266451,11:01:10.6566
460,0.96317,37.6,0.95001,105.2,0.91005,1725,209,1732705266451,11:01:10.7856
461,0.96317,37.6,0.95001,105.2,0.91005,1726,209,1732705266451,11:01:11.2295
462,0.96317,37.6,0.95001,105.2,0.91005,1734,209,1732705266451,11:01:11.3326
463,0.96317,37.6,0.95001,105.2,0.91005,1737,209,1732705266451,11:01:11.5568
464,0.96317,37.6,0.95001,105.2,0.91005,1739,209,1732705266451,11:01:11.6579
465,0.96317,37.6,0.95001,105.2,0.91005,1740,209,1732705266451,11:01:11.8950
466,0.96317,37.6,0.95001,105.2,0.91005,1747,209,1732705266451,11:01:11.9985
467,0.96317,37.6,0.95001,105.2,0.91005,1748,209,1732705266451,11:01:12.1032
468,0.96317,37.6,0.95001,105.2,0.91005,1752,209,1732705266451,11:01:12.5232
469,0.96317,37.6,0.95001,105.2,0.91005,1760,209,1732705266451,11:01:12.6250
470,0.96317,37.6,0.95001,105.2,0.91005,1761,209,1732705266451,11:01:12.9435
471,0.96317,37.6,0.95001,105.2,0.91005,1763,209,1732705266451,11:01:13.0514
472,0.96317,37.6,0.95001,105.2,0.91005,1769,209,1732705266451,11:01:13.1526
473,0.96317,37.6,0.95001,105.2,0.91005,1770,209,1732705266451,11:01:13.2704
474,0.96317,37.6,0.95001,105.2,0.91005,1772,209,1732705266451,11:01:13.4820
475,0.96317,37.6,0.95001,105.2,0.91005,1776,209,1732705266451,11:01:13.5838
476,0.96317,37.6,0.95001,105.2,0.91005,1782,209,1732705266451,11:01:13.6932
477,0.96317,37.6,0.95001,105.2,0.91005,1783,209,1732705266451,11:01:13.7984
478,0.96317,37.6,0.95001,105.2,0.91005,1784,209,1732705266451,11:01:13.9484
479,0.96317,37.6,0.95001,105.2,0.91005,1785,209,1732705266451,11:01:14.1496
480,0.96317,37.6,0.95001,105.2,0.91005,1791,209,1732705266451,11:01:14.2552
481,0.96317,37.6,0.95001,105.2,0.91005,1793,209,1732705266451,11:01:14.4782
482,0.96317,37.6,0.95001,105.2,0.91005,1796,209,1732705266451,11:01:14.5823
483,0.96317,37.6,0.95001,105.2,0.91005,1797,209,1732705266451,11:01:14.7136
484,0.96317,37.6,0.95001,105.2,0.91005,1803,209,1732705266451,11:01:14.8142
485,0.96317,37.6,0.95001,105.2,0.91005,1804,209,1732705266451,11:01:15.1674
486,0.96317,37.6,0.95001,105.2,0.91005,1810,209,1732705266451,11:01:15.3789
487,0.96317,37.6,0.95001,105.2,0.91005,1812,209,1732705266451,11:01:15.5850
488,0.96317,37.6,0.95001,105.2,0.91005,1815,209,1732705266451,11:01:15.6903
489,0.96317,37.6,0.95001,105.2,0.91005,1816,209,1732705266451,11:01:15.7972
490,0.96317,37.6,0.95001,105.2,0.91005,1823,209,1732705266451,11:01:15.9143
491,0.96317,37.6,0.95001,105.2,0.91005,1824,209,1732705266451,11:01:16.0284
492,0.96317,37.6,0.95001,105.2,0.91005,1826,209,1732705266451,11:01:16.3369
493,0.96317,37.6,0.95001,105.2,0.91005,1832,209,1732705266451,11:01:16.4552
494,0.96317,37.6,0.95001,105.2,0.91005,1834,209,1732705266451,11:01:16.5587
495,0.96317,37.6,0.95001,105.2,0.91005,1835,209,1732705266451,11:01:16.6748
496,0.96317,37.6,0.95001,105.2,0.91005,1836,209,1732705266451,11:01:16.8844
497,0.96317,37.6,0.95001,105.2,0.91005,1843,209,1732705266451,11:01:16.9914
498,0.96317,37.6,0.95001,105.2,0.91005,1844,209,1732705266451,11:01:17.2053
499,0.96317,37.6,0.95001,105.2,0.91005,1845,209,1732705266451,11:01:17.3122
500,0.96317,37.6,0.95001,105.2,0.91005,1847,209,1732705266451,11:01:17.5234
501,0.96317,37.6,0.95001,105.2,0.91005,1855,209,1732705266451,11:01:17.6312
502,0.96317,37.6,0.95001,105.2,0.91005,1858,209,1732705266451,11:01:18.1887
503,0.96317,37.6,0.95001,105.2,0.91005,1875,209,1732705266451,11:01:18.3094
504,0.96317,37.6,0.95001,105.2,0.91005,1876,209,1732705266451,11:01:18.4149
505,0.96317,37.6,0.95001,105.2,0.91005,1877,209,1732705266451,11:01:18.6012
506,0.96317,37.6,0.95001,105.2,0.91005,1878,209,1732705266451,11:01:18.7316
507,0.96316,153,0.95001,105.2,0.91005,1886,209,1732705266451,11:01:18.8529
508,0.96316,153,0.95001,105.2,0.91005,1888,209,1732705266451,11:01:18.9576
509,0.96316,153,0.95001,105.2,0.91005,1891,209,1732705266451,11:01:19.0574
510,0.96314,37.6,0.95001,105.2,0.91005,1892,209,1732705266451,11:01:19.1614
511,0.96314,37.6,0.95001,105.2,0.91005,1893,209,1732705266451,11:01:19.2639
512,0.96313,153,0.95001,105.2,0.91005,1904,209,1732705266451,11:01:19.3711
513,0.96312,53.1,0.95001,105.2,0.91005,1908,209,1732705266451,11:01:19.4770
514,0.96313,153,0.95001,105.2,0.91005,1909,209,1732705266451,11:01:19.5831
515,0.96313,153,0.95001,105.2,0.91005,1910,209,1732705266451,11:01:19.6826
516,0.96313,190.6,0.95001,105.2,0.91005,1911,209,1732705266451,11:01:19.7996
517,0.96312,206.1,0.95001,105.2,0.91005,1919,209,1732705266451,11:01:19.9073
518,0.96312,153,0.95001,105.2,0.91005,1923,209,1732705266451,11:01:20.0040
519,0.96312,153,0.95001,105.2,0.91005,1930,209,1732705266451,11:01:20.1125
520,0.96311,53.1,0.95001,105.2,0.91005,1932,209,1732705266451,11:01:20.2145
521,0.9631,37.6,0.95001,105.2,0.91005,1935,209,1732705266451,11:01:20.5535
522,0.96309,153,0.95001,105.2,0.91005,1942,209,1732705266451,11:01:20.6510
523,0.96308,53.1,0.95001,105.2,0.91005,1946,209,1732705266451,11:01:20.7569
524,0.96308,53.1,0.95001,105.2,0.91005,1948,209,1732705266451,11:01:20.8541
525,0.96309,153,0.95001,105.2,0.91005,1949,209,1732705266451,11:01:20.9585
526,0.96309,153,0.95001,64.6,0.95001,1951,40.6,1732705280960,11:01:21.0624
527,0.96308,190.6,0.95001,64.6,0.95001,1961,40.6,1732705280960,11:01:21.1658
528,0.96308,190.6,0.95001,64.6,0.95001,1964,40.6,1732705280960,11:01:21.2693
529,0.96307,93.7,0.95001,64.6,0.95001,1967,40.6,1732705280960,11:01:21.3818
530,0.96307,93.7,0.95001,64.6,0.95001,1970,40.6,1732705280960,11:01:21.4829
531,0.96307,93.7,0.95001,105.2,0.95001,1974,40.6,1732705280960,11:01:21.5835
532,0.96306,153,0.95001,105.2,0.95001,1984,40.6,1732705280960,11:01:21.6873
533,0.96306,102,0.95001,105.2,0.95001,1988,40.6,1732705280960,11:01:21.7963
534,0.96306,139.6,0.95001,105.2,0.95001,1992,40.6,1732705280960,11:01:21.9030
535,0.96306,139.6,0.95001,105.2,0.95001,1993,40.6,1732705280960,11:01:22.0185
536,0.96306,139.6,0.95001,105.2,0.95001,1994,40.6,1732705280960,11:01:22.4673
537,0.96305,153,0.95001,105.2,0.95001,2001,40.6,1732705280960,11:01:22.5720
538,0.96304,93.7,0.95001,105.2,0.95001,2003,40.6,1732705280960,11:01:22.6853
539,0.96304,93.7,0.95001,105.2,0.95001,2005,40.6,1732705280960,11:01:22.8074
540,0.96304,93.7,0.95001,105.2,0.95001,2006,40.6,1732705280960,11:01:23.0216
541,0.96303,102,0.95001,105.2,0.95001,2015,40.6,1732705280960,11:01:23.1260
542,0.96303,102,0.95001,105.2,0.95001,2018,40.6,1732705280960,11:01:23.2299
543,0.96303,139.6,0.95001,105.2,0.95001,2019,40.6,1732705280960,11:01:23.3656
544,0.96303,88.4,0.95001,105.2,0.96303,2024,0.2,1732705283324,11:01:23.4698
545,0.96303,50.8,0.95001,105.2,0.96303,2025,0.2,1732705283324,11:01:23.7882
546,0.96302,51,0.95002,52.3,0.96303,2029,0.2,1732705283324,11:01:23.8964
547,0.963,37.6,0.95002,52.3,0.96303,2030,0.2,1732705283324,11:01:24.0010
548,0.963,37.6,0.95002,52.3,0.96303,2032,0.2,1732705283324,11:01:24.1091
549,0.963,37.6,0.95002,52.3,0.96303,2033,0.2,1732705283324,11:01:24.2404
550,0.963,37.6,0.95002,52.3,0.96303,2034,0.2,1732705283324,11:01:24.3758
551,0.96299,101.8,0.95002,52.3,0.96303,2041,0.2,1732705283324,11:01:24.4749
552,0.96299,101.8,0.95002,52.3,0.96303,2045,0.2,1732705283324,11:01:24.5812
553,0.96297,37.6,0.95002,52.3,0.96303,2046,0.2,1732705283324,11:01:24.6895
554,0.96297,1.3,0.95002,52.3,0.96297,2049,36.3,1732705284792,11:01:24.9117
555,0.96297,1.3,0.95002,52.3,0.96297,2055,36.3,1732705284792,11:01:25.0340
556,0.96298,101.8,0.95002,52.3,0.96297,2057,36.3,1732705284792,11:01:25.1363
557,0.98879,208.9,0.95002,52.3,0.96298,2060,50.8,1732705285131,11:01:25.2373
558,0.98878,93.7,0.95002,52.3,0.96298,2064,50.8,1732705285131,11:01:25.3521
559,0.98877,208.9,0.95003,51.6,0.96298,2067,50.8,1732705285131,11:01:25.4591
560,0.98876,93.7,0.95003,103.2,0.96298,2071,50.8,1732705285131,11:01:25.5624
561,0.98876,93.7,0.95004,105.2,0.96298,2075,50.8,1732705285131,11:01:25.6654
562,0.98876,93.7,0.95005,210.5,0.96298,2078,50.8,1732705285131,11:01:25.7736
563,0.98876,93.7,0.9718,360.1,0.96298,2080,50.8,1732705285131,11:01:25.8807
564,0.98876,93.7,0.97181,105.2,0.96298,2086,50.8,1732705285131,11:01:25.9861
565,0.98876,93.7,0.97181,105.2,0.96298,2089,50.8,1732705285131,11:01:26.1087
566,0.98876,93.7,0.97181,105.2,0.96298,2091,50.8,1732705285131,11:01:26.2035
567,0.98888,62.5,0.97181,105.2,0.96298,2094,50.8,1732705285131,11:01:26.3105
568,0.98888,62.5,0.97181,105.2,0.96298,2095,50.8,1732705285131,11:01:26.4139
569,0.98888,62.5,0.97181,105.2,0.96298,2100,50.8,1732705285131,11:01:26.5203
570,0.98888,62.5,0.97181,105.2,0.96298,2103,50.8,1732705285131,11:01:26.6236
571,0.98888,62.5,0.97181,105.2,0.96298,2104,50.8,1732705285131,11:01:26.7280
572,0.98888,62.5,0.97181,105.2,0.96298,2105,50.8,1732705285131,11:01:26.9438
573,0.98888,62.5,0.97181,105.2,0.96298,2106,50.8,1732705285131,11:01:27.0496
574,0.98888,62.5,0.97181,105.2,0.96298,2114,50.8,1732705285131,11:01:27.1701
575,0.98888,62.5,0.97181,105.2,0.96298,2116,50.8,1732705285131,11:01:27.2881
576,0.98888,62.5,0.97181,105.2,0.96298,2118,50.8,1732705285131,11:01:27.5559
577,0.98888,30.8,0.97181,105.2,0.98888,2126,31.7,1732705287575,11:01:27.6639
578,0.98888,30.8,0.97181,105.2,0.98888,2130,31.7,1732705287575,11:01:27.7772
579,0.98888,30.8,0.97181,105.2,0.98888,2132,31.7,1732705287575,11:01:27.8948
580,0.98888,30.8,0.971,100.7,0.98888,2135,31.7,1732705287575,11:01:28.1289
581,0.98888,30.8,0.97101,105.2,0.98888,2145,31.7,1732705287575,11:01:28.2384
582,0.98888,30.8,0.97101,105.2,0.98888,2147,31.7,1732705287575,11:01:28.3421
583,0.98888,30.8,0.97101,105.2,0.98888,2148,31.7,1732705287575,11:01:28.4595
584,0.98888,30.8,0.97101,105.2,0.98888,2151,31.7,1732705287575,11:01:28.5704
585,0.98999,0.9,0.97101,105.2,0.98999,2156,19.4,1732705288783,11:01:28.8951
586,0.98999,0.9,0.97102,210.5,0.98999,2167,19.4,1732705288783,11:01:29.0024
587,0.98999,0.9,0.97102,210.5,0.98999,2169,19.4,1732705288783,11:01:29.1076
588,1.09999,208.9,0.99675,49.2,0.98999,2171,0.9,1732705289219,11:01:29.3145
589,1.09998,93.7,0.99675,49.2,0.98999,2177,0.9,1732705289219,11:01:29.4195
590,1.09998,93.7,0.99675,49.2,0.98999,2185,0.9,1732705289219,11:01:29.5209
591,1.09996,93.7,0.99677,105.2,0.98999,2193,0.9,1732705289219,11:01:29.6235
592,1.09996,93.7,0.99675,49.2,0.98999,2197,0.9,1732705289219,11:01:29.7302
593,1.09999,190.7,0.99677,95.3,0.98999,2206,0.9,1732705289219,11:01:29.8399
594,1.09997,190.7,0.99678,190.7,0.98999,2211,0.9,1732705289219,11:01:29.9491
595,1.09996,93.7,0.99678,190.7,0.98999,2220,0.9,1732705289219,11:01:30.0544
596,1.09298,100.4,0.99679,95.3,0.98999,2228,0.9,1732705289219,11:01:30.1831
597,1.09297,15.3,0.9968,190.7,1.09297,2232,78.4,1732705290227,11:01:30.2878
598,1.09297,15.3,0.9968,190.7,1.09297,2235,78.4,1732705290227,11:01:30.3871
599,1.09296,190.7,0.99677,190.7,1.09297,2240,78.4,1732705290227,11:01:30.4914
600,1.09295,15.3,0.99678,95.3,1.09297,2250,78.4,1732705290227,11:01:30.6000
601,1.09295,15.3,0.99679,190.7,1.09297,2254,78.4,1732705290227,11:01:30.7099
602,1.09295,15.3,0.9968,95.3,1.09297,2257,78.4,1732705290227,11:01:30.8175
603,1.09294,190.7,0.99681,190.7,1.09297,2264,78.4,1732705290227,11:01:30.9282
604,1.09292,190.7,0.99681,190.7,1.09297,2271,78.4,1732705290227,11:01:31.0383
605,1.0929,190.7,0.99937,95.3,1.09297,2283,78.4,1732705290227,11:01:31.1576
606,1.09297,190.7,0.99938,190.7,1.09297,2291,78.4,1732705290227,11:01:31.2803
607,1.09295,190.7,0.99939,95.3,1.09297,2297,78.4,1732705290227,11:01:31.3874
608,1.09295,190.7,0.9994,190.7,1.09297,2301,78.4,1732705290227,11:01:31.4900
609,1.09294,15.3,0.99938,190.7,1.09295,2309,11.6,1732705291481,11:01:31.5982
610,1.09293,190.7,0.99939,95.3,1.09295,2316,11.6,1732705291481,11:01:31.7167
611,1.09292,15.3,0.99941,95.3,1.09295,2322,11.6,1732705291481,11:01:31.8425
612,1.09292,15.3,0.99941,95.3,1.09295,2323,11.6,1732705291481,11:01:31.9460
613,1.09291,190.7,0.99942,190.7,1.09295,2330,11.6,1732705291481,11:01:32.0609
614,1.0929,15.3,0.99943,95.3,1.09295,2338,11.6,1732705291481,11:01:32.1736
615,1.09289,190.7,0.99944,190.7,1.09295,2342,11.6,1732705291481,11:01:32.2715
616,1.09289,190.7,0.99944,190.7,1.09295,2343,11.6,1732705291481,11:01:32.3770
617,1.09287,190.7,0.99944,190.7,1.09295,2350,11.6,1732705291481,11:01:32.4808
618,1.09286,15.3,0.99945,95.3,1.09295,2354,11.6,1732705291481,11:01:32.5831
619,1.09286,15.3,0.99945,95.3,1.09295,2361,11.6,1732705291481,11:01:32.6822
620,1.09284,15.3,0.99945,95.3,1.09295,2365,11.6,1732705291481,11:01:32.7880
621,1.09284,15.3,0.99946,190.7,1.09295,2366,11.6,1732705291481,11:01:32.8920
622,1.09284,15.3,1.0063,99.3,1.09295,2368,11.6,1732705291481,11:01:32.9955
623,1.09284,15.3,1.0063,99.3,1.09295,2372,11.6,1732705291481,11:01:33.1009
624,1.09284,15.3,1.00631,95.3,1.09295,2382,11.6,1732705291481,11:01:33.2059
625,1.09283,190.7,1.00632,190.7,1.09295,2386,11.6,1732705291481,11:01:33.3109
626,1.09998,15.3,1.00633,95.3,1.09295,2392,11.6,1732705291481,11:01:33.4135
627,1.09998,15.3,1.00633,95.3,1.09295,2396,11.6,1732705291481,11:01:33.5131
628,1.09998,15.3,1.00634,190.7,1.09295,2399,11.6,1732705291481,11:01:33.6129
629,1.10938,15.3,1.00634,190.7,1.09295,2408,11.6,1732705291481,11:01:33.7188
630,1.10937,190.7,1.01325,95.3,1.09295,2415,11.6,1732705291481,11:01:33.8211
631,1.08521,100.4,1.01325,95.3,1.09295,2418,11.6,1732705291481,11:01:33.9198
632,1.0852,15.3,1.0208,97.9,1.09295,2423,11.6,1732705291481,11:01:34.0337
633,1.0852,206,1.02081,190.7,1.09295,2426,11.6,1732705291481,11:01:34.1371
634,1.1094,15.8,1.1,13384.4,1.08521,2439,100.4,1732705294170,11:01:34.2452
635,1.1094,15.8,1.1,13384.4,1.08521,2442,100.4,1732705294170,11:01:34.3476
636,1.1094,15.8,1.10001,95.3,1.08521,2445,100.4,1732705294170,11:01:34.4801
637,1.1094,15.8,1.10001,95.3,1.08521,2447,100.4,1732705294170,11:01:34.5797
638,1.1094,15.8,1.10001,95.3,1.08521,2448,100.4,1732705294170,11:01:35.2542
639,1.1094,15.8,1.10001,95.3,1.08521,2456,100.4,1732705294170,11:01:35.3564
640,1.1748,10.2,1.11792,73.6,1.1094,2465,15.8,1732705295403,11:01:35.4548
641,1.254,717.3,1.13739,90.5,1.1094,2473,15.8,1732705295403,11:01:35.5649
642,1.254,717.3,1.1374,181,1.1094,2475,15.8,1732705295403,11:01:35.6724
643,1.254,717.3,1.13741,83.6,1.1094,2481,15.8,1732705295403,11:01:35.7739
644,1.254,717.3,1.13742,181,1.1094,2492,15.8,1732705295403,11:01:35.8829
645,1.254,717.3,1.13742,181,1.1094,2493,15.8,1732705295403,11:01:35.9985
646,1.25399,85.4,1.152,86.8,1.13742,2498,78.8,1732705296121,11:01:36.2317
647,1.25399,85.4,1.15201,83.6,1.13742,2505,78.8,1732705296121,11:01:36.3406
648,1.25399,85.4,1.15201,83.6,1.13742,2517,78.8,1732705296121,11:01:36.4654
649,1.25399,85.4,1.15202,181,1.13742,2519,78.8,1732705296121,11:01:36.5668
650,1.25399,85.4,1.15203,83.6,1.13742,2523,78.8,1732705296121,11:01:36.6750
651,1.25399,85.4,1.15201,83.6,1.13742,2528,78.8,1732705296121,11:01:36.8054
652,1.25399,85.4,1.15201,83.6,1.13742,2530,78.8,1732705296121,11:01:37.0454
653,1.25399,85.4,1.15202,166.2,1.13742,2539,78.8,1732705296121,11:01:37.1464
654,1.25399,85.4,1.15203,83.6,1.13742,2542,78.8,1732705296121,11:01:37.2547
655,1.25399,85.4,1.15204,166.2,1.13742,2544,78.8,1732705296121,11:01:37.3601
656,1.25399,85.4,1.15204,166.2,1.13742,2545,78.8,1732705296121,11:01:37.4570
657,1.25399,85.4,1.15205,83.6,1.13742,2548,78.8,1732705296121,11:01:37.5599
658,1.25399,85.4,1.15205,83.6,1.13742,2557,78.8,1732705296121,11:01:37.6666
659,1.25399,85.4,1.15205,83.6,1.13742,2559,78.8,1732705296121,11:01:37.7709
660,1.254,645.8,1.15202,166.2,1.254,2568,71.5,1732705297744,11:01:37.8662
661,1.254,645.8,1.15203,83.6,1.254,2572,71.5,1732705297744,11:01:38.0785
662,1.254,645.8,1.156,86.5,1.254,2581,71.5,1732705297744,11:01:38.1870
663,1.254,645.8,1.15601,249.8,1.254,2586,71.5,1732705297744,11:01:38.2946
664,1.254,645.8,1.15602,166.2,1.254,2590,71.5,1732705297744,11:01:38.4087
665,1.254,645.8,1.15605,83.6,1.254,2595,71.5,1732705297744,11:01:38.5091
666,1.25399,249.8,1.152,2.6,1.152,2603,84.2,1732705298493,11:01:38.6090
667,1.25399,249.8,1.16,43.1,1.152,2614,84.2,1732705298493,11:01:38.7243
668,1.25399,249.8,1.16,43.1,1.152,2616,84.2,1732705298493,11:01:38.8380
669,1.25399,249.8,1.16,43.1,1.152,2618,84.2,1732705298493,11:01:38.9422
670,1.25399,171.1,1.16,43.1,1.25399,2620,78.7,1732705298980,11:01:39.0438
671,1.25399,87.5,1.16,43.1,1.25399,2622,78.7,1732705299090,11:01:39.1498
672,2.9,182.1,1.254,209.9,1.254,2635,15.6,1732705299147,11:01:39.2534
673,2.9,182.1,1.27002,78.7,1.254,2637,15.6,1732705299147,11:01:39.3580
674,2.9,182.1,1.27002,78.7,1.254,2638,15.6,1732705299147,11:01:39.4843
675,2.9,182.1,1.27002,78.7,1.254,2640,15.6,1732705299147,11:01:39.5962
676,2.9,182.1,1.27002,78.7,1.254,2641,15.6,1732705299147,11:01:39.7983
677,2.9,182.1,1.27002,78.7,1.254,2648,15.6,1732705299147,11:01:39.9114
678,2.9,182.1,1.27584,39.1,1.254,2649,15.6,1732705299147,11:01:40.0212
679,2.9,182.1,1.27584,39.1,1.254,2651,15.6,1732705299147,11:01:40.1238
680,2.9,182.1,1.27584,39.1,1.254,2652,15.6,1732705299147,11:01:40.2302
681,2.9,182.1,1.27584,39.1,1.254,2653,15.6,1732705299147,11:01:40.3277
682,2.9,182.1,1.2705,78.7,1.254,2661,15.6,1732705299147,11:01:40.4328
683,2.9,182.1,1.2705,78.7,1.254,2663,15.6,1732705299147,11:01:40.5390
684,2.9,182.1,1.2705,78.7,1.254,2667,15.6,1732705299147,11:01:40.6551
685,2.9,182.1,1.2705,78.7,1.254,2669,15.6,1732705299147,11:01:40.8610
686,2.9,182.1,1.2705,78.7,1.254,2676,15.6,1732705299147,11:01:40.9691
687,2.9,182.1,1.28084,18.9,1.28084,2680,59.1,1732705300978,11:01:41.0754
688,2.9,182.1,1.28084,18.9,1.28084,2682,59.1,1732705300978,11:01:41.2032
689,2.9,182.1,1.28084,18.9,1.28084,2684,59.1,1732705300978,11:01:41.3306
690,2.9,182.1,1.28084,18.9,1.28084,2685,59.1,1732705300978,11:01:41.4330
691,2.9,182.1,1.28084,18.9,1.28084,2694,59.1,1732705300978,11:01:41.5469
692,2.9,182.1,1.28084,18.9,1.28084,2695,59.1,1732705300978,11:01:41.6569
693,2.9,182.1,1.28084,18.9,1.28084,2696,59.1,1732705300978,11:01:41.7581
694,2.9,182.1,1.28084,18.9,1.28084,2697,59.1,1732705300978,11:01:41.9693
695,2.9,182.1,1.254,1087.6,1.254,2706,50.4,1732705301949,11:01:42.0809
696,2.9,182.1,1.254,1087.6,1.254,2707,50.4,1732705301949,11:01:42.2385
697,2.9,182.1,1.25403,27.6,1.254,2710,50.4,1732705301949,11:01:42.3637
698,2.9,182.1,1.25403,27.6,1.254,2711,50.4,1732705301949,11:01:42.4793
699,2.84655,156.9,1.25403,27.6,1.254,2712,50.4,1732705301949,11:01:42.6928
700,2.84655,156.9,1.25404,48.8,1.254,2719,50.4,1732705301949,11:01:42.7984
701,2.84655,156.9,1.25404,48.8,1.254,2721,50.4,1732705301949,11:01:42.8984
702,2.84655,156.9,1.25404,48.8,1.254,2722,50.4,1732705301949,11:01:43.0082
703,2.84655,156.9,1.25404,48.8,1.254,2723,50.4,1732705301949,11:01:43.4471
704,2.84655,156.9,1.254,187.2,1.254,2728,740.9,1732705303492,11:01:43.6320
705,2.84655,156.9,1.254,187.2,1.254,2730,740.9,1732705303492,11:01:43.8466
706,1.48488,48.6,1.2809,12.5,1.254,2732,740.9,1732705303492,11:01:44.0725
707,1.48488,48.6,1.2809,12.5,1.254,2737,740.9,1732705303492,11:01:44.1854
708,1.48488,48.6,1.2809,12.5,1.254,2739,740.9,1732705303492,11:01:44.2873
709,1.48488,48.6,1.254,149.2,1.254,2745,38,1732705304254,11:01:44.4245
710,1.48488,48.6,1.254,149.2,1.254,2747,38,1732705304254,11:01:44.7591
711,1.48488,48.6,1.254,149.2,1.254,2749,38,1732705304254,11:01:44.8621
712,1.48488,48.6,1.254,149.2,1.254,2751,38,1732705304254,11:01:44.9635
713,1.48488,48.6,1.254,149.2,1.254,2752,38,1732705304254,11:01:45.1858
714,1.48485,28.8,1.1832,14,1.1832,2755,28.2,1732705305224,11:01:45.2897
715,1.48485,28.8,1.1832,14,1.1832,2760,28.2,1732705305224,11:01:45.3905
716,1.48485,28.8,1.1832,14,1.1832,2761,28.2,1732705305224,11:01:45.5224
717,1.48484,24.4,1.1832,14,1.1832,2762,28.2,1732705305224,11:01:45.6381
718,1.48484,24.4,1.1832,14,1.1832,2763,28.2,1732705305224,11:01:45.7470
719,1.48484,24.4,1.1832,14,1.1832,2764,28.2,1732705305224,11:01:45.9663
720,1.48484,24.4,1.1832,14,1.1832,2767,28.2,1732705305224,11:01:46.0706
721,1.4784,169.1,1.1832,14,1.1832,2770,28.2,1732705305224,11:01:46.1745
722,1.4784,169.1,1.1832,14,1.1832,2772,28.2,1732705305224,11:01:46.2998
723,1.4784,169.1,1.1832,14,1.1832,2775,28.2,1732705305224,11:01:46.4290
724,1.4784,169.1,1.1832,14,1.1832,2776,28.2,1732705305224,11:01:46.7540
725,1.4784,169.1,1.1832,14,1.1832,2779,28.2,1732705305224,11:01:46.8572
726,1.4784,169.1,1.1832,14,1.1832,2781,28.2,1732705305224,11:01:46.9717
727,1.4784,169.1,1.1832,14,1.1832,2782,28.2,1732705305224,11:01:47.0764
728,1.47837,28.8,1.1832,14,1.1832,2784,28.2,1732705305224,11:01:47.3199
729,1.47837,28.8,1.1832,14,1.1832,2787,28.2,1732705305224,11:01:47.4235
730,1.47837,28.8,1.1832,14,1.1832,2788,28.2,1732705305224,11:01:47.5426
731,1.47837,28.8,1.1832,14,1.1832,2791,28.2,1732705305224,11:01:47.6577
732,1.47837,28.8,1.1832,14,1.1832,2793,28.2,1732705305224,11:01:47.8888
733,1.47836,24.4,1.1832,14,1.1832,2799,28.2,1732705305224,11:01:47.9922
734,1.47836,24.4,1.1832,14,1.1832,2800,28.2,1732705305224,11:01:48.2539
735,1.4688,170.2,1.1832,14,1.1832,2802,28.2,1732705305224,11:01:48.4201
736,1.4688,170.2,1.1832,14,1.1832,2807,28.2,1732705305224,11:01:48.5426
737,1.4688,170.2,1.1832,14,1.1832,2809,28.2,1732705305224,11:01:48.6708
738,1.4688,170.2,1.1832,14,1.1832,2810,28.2,1732705305224,11:01:48.9859
739,1.4688,170.2,1.1936,83.7,1.1832,2815,28.2,1732705305224,11:01:49.1018
740,1.44585,28.2,1.1936,83.7,1.1832,2823,28.2,1732705305224,11:01:49.2461
741,1.44585,28.2,1.1936,83.7,1.1832,2825,28.2,1732705305224,11:01:49.3483
742,1.44585,28.2,1.1936,83.7,1.1832,2826,28.2,1732705305224,11:01:49.4582
743,1.44585,28.2,1.1936,83.7,1.1832,2827,28.2,1732705305224,11:01:49.6670
744,1.44585,28.2,1.1936,83.7,1.1832,2832,28.2,1732705305224,11:01:49.7658
745,1.4288,78,1.1936,83.7,1.1832,2833,28.2,1732705305224,11:01:49.8713
746,1.4288,78,1.1936,83.7,1.1832,2834,28.2,1732705305224,11:01:49.9724
747,1.4288,78,1.1936,83.7,1.1832,2836,28.2,1732705305224,11:01:50.0813
748,1.4288,78,1.1936,83.7,1.1832,2838,28.2,1732705305224,11:01:50.2959
749,1.4288,78,1.1936,83.7,1.1832,2843,28.2,1732705305224,11:01:50.3977
750,1.4288,78,1.1936,83.7,1.1832,2844,28.2,1732705305224,11:01:50.4988
751,1.4,61.7,1.1936,83.7,1.1832,2847,28.2,1732705305224,11:01:50.7129
752,1.4,61.7,1.1936,83.7,1.1832,2848,28.2,1732705305224,11:01:50.8150
753,1.4,61.7,1.1936,83.7,1.1832,2853,28.2,1732705305224,11:01:50.9156
754,1.4,61.7,1.20217,83.1,1.1832,2855,28.2,1732705305224,11:01:51.0474
755,1.4,61.7,1.20217,83.1,1.23401,2856,20,1732705311011,11:01:51.1871
756,1.4,61.7,1.20217,83.1,1.23401,2859,20,1732705311011,11:01:51.2919
757,1.4,61.7,1.20217,83.1,1.23401,2864,20,1732705311011,11:01:51.4286
758,1.4,61.7,1.20217,83.1,1.23401,2868,20,1732705311011,11:01:51.5328
759,1.377,28.2,1.20217,83.1,1.23401,2870,20,1732705311011,11:01:51.6561
760,1.377,28.2,1.20217,83.1,1.23401,2873,20,1732705311011,11:01:51.8658
761,1.377,28.2,1.20217,83.1,1.23401,2875,20,1732705311011,11:01:51.9710
762,1.377,28.2,1.20217,83.1,1.23401,2879,20,1732705311011,11:01:52.0763
763,1.377,28.2,1.20217,83.1,1.23401,2880,20,1732705311011,11:01:52.1947
764,1.377,28.2,1.1,7086.7,1.1,2900,2254.2,1732705312214,11:01:52.2944
765,1.37697,28.8,1.1,7086.7,1.1,2901,2254.2,1732705312214,11:01:52.4252
766,1.37697,28.8,1.1,7457.1,1.1,2902,2254.2,1732705312214,11:01:52.6569
767,1.3728,182.1,1.1,7457.1,1.1,2908,2254.2,1732705312214,11:01:52.7636
768,1.3728,182.1,1.1,7457.1,1.1,2909,2254.2,1732705312214,11:01:52.8639
769,1.3728,182.1,1.1,7457.1,1.1,2911,2254.2,1732705312214,11:01:52.9726
770,1.3728,182.1,1.1,7457.1,1.1,2913,2254.2,1732705312214,11:01:53.2018
771,1.3728,182.1,1.1,7457.1,1.1,2917,2254.2,1732705312214,11:01:53.3086
772,1.3728,182.1,1.1,7407.6,1.1,2918,49.5,1732705313347,11:01:53.4096
773,1.3416,623.7,1.1,7407.6,1.1,2919,49.5,1732705313347,11:01:53.6205
774,1.3416,623.7,1.25,147.8,1.1,2923,49.5,1732705313347,11:01:53.7351
775,1.3416,623.7,1.25,147.8,1.1,2929,49.5,1732705313347,11:01:53.8609
776,1.3416,623.7,1.25,147.8,1.1,2930,49.5,1732705313347,11:01:53.9599
777,1.3416,623.7,1.25,147.8,1.1,2931,49.5,1732705313347,11:01:54.0663
778,1.30039,86.6,1.25,147.8,1.1,2932,49.5,1732705313347,11:01:54.1863
779,1.11111,780.3,1.1,7407.6,1.25,2935,147.8,1732705314189,11:01:54.2998
780,1.11111,780.3,1.1,7389.7,1.1,2945,17.9,1732705314314,11:01:54.4046
781,1.11111,780.3,1.1,7389.7,1.1,2950,17.9,1732705314314,11:01:54.5134
782,1.11111,780.3,1.1,370.4,1.1,2952,17.9,1732705314314,11:01:54.6483
783,1.11111,780.3,1.1,370.4,1.1,2954,17.9,1732705314314,11:01:54.8309
784,1.11111,780.3,1.1,370.4,1.1,2959,17.9,1732705314314,11:01:54.9254
785,1.11111,780.3,1.1,370.4,1.1,2961,17.9,1732705314314,11:01:55.0284
786,1.11111,780.3,1.1,370.4,1.1,2962,17.9,1732705314314,11:01:55.1494
787,1.11108,28.8,1.1,370.4,1.1,2963,17.9,1732705314314,11:01:55.2561
788,1.11108,28.8,1.1,370.4,1.1,2965,17.9,1732705314314,11:01:55.3752
789,1.11108,28.8,1.1,370.4,1.1,2970,17.9,1732705314314,11:01:55.4831
790,1.11108,28.8,1.1,292.4,1.1,2973,78,1732705315514,11:01:55.6021
791,1.11108,28.8,1.08521,195.1,1.08521,2979,78.9,1732705315643,11:01:55.7712
792,1.11108,28.8,1.08521,195.1,1.08521,2980,78.9,1732705315643,11:01:55.8862
793,1.11108,28.8,1.08521,38.2,1.08521,2986,156.9,1732705315901,11:01:55.9958
794,1.072,570.9,1,99.1,1.08521,2990,156.9,1732705315901,11:01:56.0949
795,1.072,570.9,1,99.1,1.072,2993,14.6,1732705316054,11:01:56.2059
796,1.072,570.9,1,99.1,1.072,2994,14.6,1732705316054,11:01:56.3077
797,1.03275,28.2,1,99.1,1.072,2995,14.6,1732705316054,11:01:56.4242
798,1.03275,28.2,1,99.1,1.072,3001,14.6,1732705316054,11:01:56.5214
799,1.03275,2.9,1.00001,13,1.03275,3005,25.3,1732705316507,11:01:56.6311
800,1.03275,2.9,1.00001,13,1.03275,3006,25.3,1732705316507,11:01:56.8381
801,1.03275,2.9,1.00001,13,1.03275,3007,25.3,1732705316507,11:01:57.0413
802,1.03272,28.8,1.00001,13,1.03275,3012,25.3,1732705316507,11:01:57.1450
803,1.03272,28.8,1.00001,13,1.03275,3013,25.3,1732705316507,11:01:57.2446
804,1.03272,28.8,1.00001,13,1.03275,3014,25.3,1732705316507,11:01:57.3481
805,1.03272,28.8,1.00001,13,1.03275,3015,25.3,1732705316507,11:01:57.5667
806,1.03272,28.8,1.00001,13,1.03275,3020,25.3,1732705316507,11:01:57.6721
807,1.03272,28.8,1.00001,13,1.03275,3021,25.3,1732705316507,11:01:57.7790
808,1.03272,28.8,1.00001,13,1.03275,3022,25.3,1732705316507,11:01:57.8824
809,0.9856,59.1,0.96302,120.6,1,3029,99.1,1732705317971,11:01:58.1032
810,0.9856,59.1,0.96302,120.6,1,3037,99.1,1732705317971,11:01:58.2068
811,0.9856,59.1,0.96302,120.6,1,3038,99.1,1732705317971,11:01:58.3095
812,0.9856,59.1,0.96302,120.6,1,3040,99.1,1732705317971,11:01:58.5186
813,0.9856,59.1,0.96302,120.6,1,3041,99.1,1732705317971,11:01:58.6248
814,0.9856,41.5,0.96302,120.6,0.9856,3046,17.6,1732705318679,11:01:58.7359
815,0.98557,28.8,0.96302,120.6,0.9856,3047,17.6,1732705318679,11:01:58.9517
816,0.98557,28.8,0.96302,120.6,0.9856,3048,17.6,1732705318679,11:01:59.5137
817,0.98557,28.8,0.96302,120.6,0.9856,3052,17.6,1732705318679,11:01:59.6091
818,0.98557,28.8,0.96302,120.6,0.9856,3053,17.6,1732705318679,11:01:59.7385
819,0.98557,28.8,0.96302,120.6,0.9856,3055,17.6,1732705318679,11:02:00.1873
820,0.98557,28.8,0.96302,120.6,0.9856,3059,17.6,1732705318679,11:02:00.2891
821,0.95,290.5,0.9125,12,0.9856,3065,21.2,1732705320449,11:02:00.6077
822,1.01357,24.4,1,161.8,0.99999,3072,36.2,1732705320662,11:02:00.7163
823,1.03274,73.6,1,158.4,0.99999,3081,36.2,1732705320662,11:02:00.8250
824,1.03273,98.3,1.00001,196.7,1,3084,3.4,1732705320780,11:02:00.9256
825,1.03273,98.3,1.00001,295,1,3087,3.4,1732705320780,11:02:01.0267
826,1.03273,98.3,1.00001,295,1,3088,3.4,1732705320780,11:02:01.1311
827,1.03273,98.3,1.00001,295,1,3089,3.4,1732705320780,11:02:01.2330
828,1.03272,49.2,1.00001,295,1,3092,3.4,1732705320780,11:02:01.3364
829,1.03271,98.3,1.00001,295,1,3096,3.4,1732705320780,11:02:01.4556
830,1.03271,98.3,1.00001,295,1,3098,3.4,1732705320780,11:02:01.6588
831,1.03271,98.3,1.00001,295,1,3099,3.4,1732705320780,11:02:01.7660
832,1.03271,98.3,1.00001,295,1,3101,3.4,1732705320780,11:02:01.8703
833,1.0327,73.6,1.00001,295,1.03271,3108,10,1732705321849,11:02:01.9966
834,1.0327,73.6,1.00001,295,1.03271,3112,10,1732705321849,11:02:02.0930
835,1.03269,93.2,1.00001,295,1.03271,3115,10,1732705321849,11:02:02.3067
836,1.03268,73.6,1.00001,295,1.03271,3119,10,1732705321849,11:02:02.5156
837,1.03267,93.2,1.00001,295,1.03271,3121,10,1732705321849,11:02:02.7198
838,1.03267,93.2,1.00001,295,1.03271,3122,10,1732705321849,11:02:02.8555
839,1.03267,93.2,1.00001,295,1.03271,3123,10,1732705321849,11:02:03.3784
840,1.03266,73.6,1.00001,295,1.03271,3128,10,1732705321849,11:02:03.4793
841,1.03266,73.6,1.00001,295,1.03271,3130,10,1732705321849,11:02:03.5804
842,1.03264,196.7,1.00001,44.6,1.00001,3134,53.7,1732705323623,11:02:03.6983
843,1.03264,196.7,1.00001,98.3,1.00001,3137,53.7,1732705323623,11:02:03.8103
844,1.03263,98.3,1.00002,196.7,1.00001,3141,53.7,1732705323623,11:02:04.0299
845,1.03262,270.3,1.00003,98.3,1.00001,3149,53.7,1732705323623,11:02:04.1254
846,1.03262,270.3,1.00001,98.3,1.00001,3154,53.7,1732705323623,11:02:04.2362
847,1.03261,98.3,1.00001,98.3,1.00001,3158,53.7,1732705323623,11:02:04.3353
848,1.03262,73.6,1.00001,98.3,1.00001,3161,53.7,1732705323623,11:02:04.4384
849,1.03262,73.6,1.00001,98.3,1.00001,3162,53.7,1732705323623,11:02:04.5400
850,1.03261,73.6,1.00002,110.1,1.00002,3170,86.6,1732705324530,11:02:04.6448
851,1.03261,73.6,1.00003,98.3,1.00002,3173,86.6,1732705324530,11:02:04.7609
852,1.03261,73.6,1.00005,98.3,1.00002,3176,86.6,1732705324530,11:02:04.8695
853,1.03261,73.6,1.00005,98.3,1.00002,3177,86.6,1732705324530,11:02:04.9793
854,1.03261,73.6,1.00005,98.3,1.00002,3180,86.6,1732705324530,11:02:05.2998
855,1.03261,73.6,1.00007,98.3,1.00002,3187,86.6,1732705324530,11:02:05.4101
856,1.0326,73.6,1.00009,98.3,1.00002,3194,86.6,1732705324530,11:02:05.5150
857,1.0326,73.6,1.00011,98.3,1.00002,3199,86.6,1732705324530,11:02:05.6486
858,1.0326,73.6,1.00012,196.7,1.00002,3202,86.6,1732705324530,11:02:05.7560
859,1.0326,73.6,1.00013,98.3,1.00002,3205,86.6,1732705324530,11:02:05.8862
860,1.0852,295,1.00015,98.3,1.00002,3210,86.6,1732705324530,11:02:05.9939
861,1.03259,73.6,1.00016,196.7,1.00002,3215,86.6,1732705324530,11:02:06.1389
862,1.03259,73.6,1.00017,98.3,1.00002,3217,86.6,1732705324530,11:02:06.2368
863,1.03259,73.6,1.00019,98.3,1.00002,3221,86.6,1732705324530,11:02:06.3384
864,1.03259,73.6,1.00021,98.3,1.00002,3224,86.6,1732705324530,11:02:06.4816
865,1.03258,73.6,1.00022,196.7,1.00002,3231,86.6,1732705324530,11:02:06.5880
866,1.03258,73.6,1.00024,196.7,1.00002,3236,86.6,1732705324530,11:02:06.6878
867,1.03258,73.6,1.00025,98.3,1.00002,3237,86.6,1732705324530,11:02:06.8028
868,1.03258,73.6,1.00025,98.3,1.00002,3238,86.6,1732705324530,11:02:07.0275
869,1.03257,73.6,1.00025,98.3,1.00002,3243,86.6,1732705324530,11:02:07.1307
870,1.03257,73.6,1.00026,196.7,1.00002,3245,86.6,1732705324530,11:02:07.2545
871,1.03257,73.6,1.00027,98.3,1.00002,3247,86.6,1732705324530,11:02:07.3612
872,1.03257,73.6,1.00027,98.3,1.00002,3248,86.6,1732705324530,11:02:07.4814
873,1.03257,73.6,1.00027,98.3,1.00002,3249,86.6,1732705324530,11:02:07.8222
874,1.03256,73.6,1.00028,196.7,1.00002,3257,86.6,1732705324530,11:02:07.9258
875,1.03256,73.6,1.00001,295,1.00002,3259,86.6,1732705324530,11:02:08.0301
876,1.03256,73.6,1.00001,295,1.00002,3261,86.6,1732705324530,11:02:08.1587
877,1.0852,295,1.00001,295,1.00002,3264,86.6,1732705324530,11:02:08.3818
878,1.03255,73.6,1.00001,295,1.00002,3266,86.6,1732705324530,11:02:08.4923
879,1.03255,73.6,1.00001,295,1.00002,3268,86.6,1732705324530,11:02:08.9072
880,1.03254,73.6,1.00001,295,1.00002,3272,86.6,1732705324530,11:02:09.0075
881,1.03254,73.6,1.00001,295,1.00002,3274,86.6,1732705324530,11:02:09.4539
882,1.03253,73.6,1.00001,295,1.00002,3278,86.6,1732705324530,11:02:09.5581
883,1.03253,73.6,1.00001,295,1.00002,3280,86.6,1732705324530,11:02:09.9914
884,1.03252,73.6,1.00001,295,1.00002,3284,86.6,1732705324530,11:02:10.1118
885,1.03252,73.6,1.00001,295,1.00002,3285,86.6,1732705324530,11:02:10.2135
886,1.03252,73.6,1.00001,295,1.00002,3286,86.6,1732705324530,11:02:10.6704
887,1.03251,73.6,1.00001,295,1.00002,3290,86.6,1732705324530,11:02:10.7729
888,1.03251,44.7,1.00002,147.7,1.03251,3294,28.9,1732705330787,11:02:10.8743
889,1.03251,44.7,1.00003,295,1.03251,3298,28.9,1732705330787,11:02:10.9791
890,1.03251,44.7,1.00004,98.3,1.03251,3301,28.9,1732705330787,11:02:11.0815
891,1.03251,24.4,1.00004,98.3,1.03251,3303,28.9,1732705330787,11:02:11.1837
892,1.0325,44.7,1.00005,225.6,1.03251,3312,28.9,1732705330787,11:02:11.2894
893,1.0325,44.7,1.00005,225.6,1.03251,3313,28.9,1732705330787,11:02:11.4006
894,1.08519,196.7,1.00006,98.3,1.03251,3317,28.9,1732705330787,11:02:11.7207
895,1.03249,44.7,1.00007,28.9,1.03251,3326,28.9,1732705330787,11:02:11.8267
896,1.03249,44.7,1.00007,225.6,1.03251,3328,28.9,1732705330787,11:02:11.9320
897,1.03249,44.7,1.00007,225.6,1.03251,3329,28.9,1732705330787,11:02:12.0311
898,1.03249,44.7,1.00007,225.6,1.03251,3330,28.9,1732705330787,11:02:12.1553
899,1.03249,44.7,1.00008,196.7,1.03251,3334,28.9,1732705330787,11:02:12.6765
900,1.08517,196.7,1.00234,98.3,1.03251,3341,28.9,1732705330787,11:02:12.7758
901,1.03248,44.7,1.00235,196.7,1.03251,3349,28.9,1732705330787,11:02:12.8783
902,1.03248,44.7,1.00235,196.7,1.03251,3351,28.9,1732705330787,11:02:12.9845
903,1.1956,209.1,1.0325,24.1,1.03248,3357,24.4,1732705332988,11:02:13.0899
904,1.19559,98.3,1.04312,80.9,1.03251,3363,14.9,1732705333072,11:02:13.1931
905,1.19559,295,1.04313,196.7,1.03251,3367,14.9,1732705333072,11:02:13.2961
906,1.19559,295,1.04313,196.7,1.03251,3369,14.9,1732705333072,11:02:13.4015
907,1.19559,295,1.04313,196.7,1.03251,3371,14.9,1732705333072,11:02:13.5056
908,1.1653,570.9,1.04313,196.7,1.03251,3373,14.9,1732705333072,11:02:13.7095
909,1.16529,98.3,1.04312,80.9,1.03251,3380,14.9,1732705333072,11:02:13.8178
910,1.16529,295,1.04313,98.3,1.03251,3385,14.9,1732705333072,11:02:13.9176
911,1.16529,295,1.03252,98.3,1.03251,3389,14.9,1732705333072,11:02:14.0239
912,1.16528,181.1,1.03252,98.3,1.03251,3392,14.9,1732705333072,11:02:14.1253
913,1.16528,181.1,1.03252,90.5,1.03251,3399,14.9,1732705333072,11:02:14.2345
914,1.16527,90.5,1.05364,474.5,1,3419,5521.6,1732705334236,11:02:14.3402
915,1.16525,90.5,1.05365,97.6,1,3427,5521.6,1732705334236,11:02:14.4465
916,1.16525,271.6,1.05366,63.4,1,3432,5521.6,1732705334236,11:02:14.5603
917,1.16525,271.6,1.05367,34.2,1,3435,5521.6,1732705334236,11:02:14.6638
918,1.16525,271.6,1.05369,34.2,1,3439,5521.6,1732705334236,11:02:14.8786
919,1.16524,45.1,1.0537,63.4,1,3444,5521.6,1732705334236,11:02:14.9881
920,1.16524,45.1,1.05365,63.4,1,3451,5521.6,1732705334236,11:02:15.0968
921,1.16522,90.5,1.05366,34.2,1,3456,5521.6,1732705334236,11:02:15.2147
922,1.16522,90.5,1.05367,63.4,1,3459,5521.6,1732705334236,11:02:15.3151
923,1.16521,181.1,1.05366,34.2,1,3464,5521.6,1732705334236,11:02:15.4220
924,1.16521,181.1,1.02889,63.4,1,3466,5521.6,1732705334236,11:02:15.6371
925,1.16521,181.1,1.0289,34.2,1,3470,5521.6,1732705334236,11:02:15.7546
926,1.1652,90.5,1.02888,48.5,1,3475,5521.6,1732705334236,11:02:15.8579
927,1.1652,90.5,1.00234,97.6,1,3479,5521.6,1732705334236,11:02:15.9663
928,1.16519,45.3,1.00235,63.4,1,3487,5521.6,1732705334236,11:02:16.0730
929,1.16518,90.5,1.00236,34.2,1,3494,5521.6,1732705334236,11:02:16.1832
930,1.14696,14.9,1.00236,34.2,1,3498,5521.6,1732705334236,11:02:16.2862
931,1.14696,14.9,1.00238,34.2,1,3504,5521.6,1732705334236,11:02:16.4078
932,1.14696,14.9,1.00239,63.4,1,3508,5521.6,1732705334236,11:02:16.5147
933,1.14696,14.9,1.0024,34.2,1,3514,5521.6,1732705334236,11:02:16.6219
934,1.14696,14.9,1.0024,34.2,1,3516,5521.6,1732705334236,11:02:16.7215
935,1.14696,14.9,1.00241,63.4,1,3520,5521.6,1732705334236,11:02:16.8274
936,1.14696,14.9,1.00242,34.2,1,3523,5521.6,1732705334236,11:02:17.0290
937,1.14696,14.9,1.00243,63.4,1,3529,5521.6,1732705334236,11:02:17.1831
938,1.14696,14.9,1.00244,34.2,1,3533,5521.6,1732705334236,11:02:17.2938
939,1.14696,14.9,1.00244,34.2,1,3534,5521.6,1732705334236,11:02:17.4359
940,1.1432,98.4,1.00245,63.4,1,3538,5521.6,1732705334236,11:02:17.5321
941,1.14319,90.5,1.00245,63.4,1,3543,5521.6,1732705334236,11:02:17.6447
942,1.14319,90.5,1.00245,63.4,1,3544,5521.6,1732705334236,11:02:17.7520
943,1.14318,181.1,1.00246,34.2,1,3549,5521.6,1732705334236,11:02:17.8539
944,1.14317,90.5,1.00246,34.2,1,3551,5521.6,1732705334236,11:02:17.9813
945,1.14316,181.1,1.00247,63.4,1,3556,5521.6,1732705334236,11:02:18.0870
946,1.14315,90.5,1.00248,34.2,1,3560,5521.6,1732705334236,11:02:18.1839
947,1.14314,181.1,1.00249,63.4,1,3565,5521.6,1732705334236,11:02:18.2901
948,1.14314,181.1,1.00249,63.4,1,3566,5521.6,1732705334236,11:02:18.3919
949,1.14312,181.1,1.00249,63.4,1,3573,5521.6,1732705334236,11:02:18.5058
950,1.14311,90.5,1.00249,63.4,1,3576,5521.6,1732705334236,11:02:18.6041
951,1.14309,90.5,1.00249,63.4,1,3581,5521.6,1732705334236,11:02:18.7102
952,1.13175,44.1,1.00249,63.4,1,3584,5521.6,1732705334236,11:02:18.8140
953,1.13175,44.1,1.0025,34.2,1,3589,5521.6,1732705334236,11:02:18.9196
954,1.13175,44.1,1.00251,63.4,1,3594,5521.6,1732705334236,11:02:19.0213
955,1.13175,44.1,1.00003,63.4,1,3600,5521.6,1732705334236,11:02:19.1446
956,1.13175,44.1,1.00003,63.4,1,3602,5521.6,1732705334236,11:02:19.2864
957,1.13175,44.1,1.00003,63.4,1,3603,5521.6,1732705334236,11:02:19.4011
958,1.13175,44.1,1.0206,24.4,1,3606,5521.6,1732705334236,11:02:19.7453
959,1.13174,181.1,1.0206,24.4,1,3611,5521.6,1732705334236,11:02:19.8464
960,1.13173,90.5,1.0206,24.4,1,3614,5521.6,1732705334236,11:02:19.9586
961,1.13173,90.5,1.0206,24.4,1,3615,5521.6,1732705334236,11:02:20.0627
962,1.13173,90.5,1.0206,24.4,1,3616,5521.6,1732705334236,11:02:20.1642
963,1.13173,90.5,1.0206,24.4,1,3617,5521.6,1732705334236,11:02:20.2696
964,1.13173,90.5,1,350.7,1,3630,971.5,1732705340317,11:02:20.3785
965,1.13173,90.5,1,350.7,1,3631,971.5,1732705340317,11:02:20.4773
966,1.13172,181.1,1,350.7,1,3633,971.5,1732705340317,11:02:20.5790
967,1.13172,181.1,1,350.7,1,3634,971.5,1732705340317,11:02:20.6830
968,1.13171,90.5,1,350.7,1,3636,971.5,1732705340317,11:02:20.7841
969,1.1317,226.4,1,350.7,1,3641,971.5,1732705340317,11:02:20.8845
970,1.13169,90.5,1,350.7,1,3644,971.5,1732705340317,11:02:20.9891
971,1.13168,181.1,1,350.7,1,3646,971.5,1732705340317,11:02:21.0940
972,1.13166,181.1,1,251.3,1,3650,99.4,1732705341140,11:02:21.2131
973,1.13169,271.6,1,251.3,1,3655,99.4,1732705341140,11:02:21.3274
974,1.13167,90.5,1,251.3,1,3660,99.4,1732705341140,11:02:21.4383
975,1.13167,90.5,1,261.3,1,3662,99.4,1732705341140,11:02:21.5419
976,1.13167,271.6,1,261.3,1,3663,99.4,1732705341140,11:02:21.6657
977,1.13167,271.6,1,234,1,3664,99.4,1732705341140,11:02:21.7861
978,1.13166,45.3,1,234,1,3669,27.3,1732705341740,11:02:21.9902
979,1.13164,181.1,1,234,1,3672,27.3,1732705341740,11:02:22.1157
980,1.13163,90.5,1,234,1,3676,27.3,1732705341740,11:02:22.3263
981,1.13162,181.1,1,234,1,3679,27.3,1732705341740,11:02:22.4285
982,1.13161,181.1,0.99,753.4,0.99,3687,248.5,1732705342414,11:02:22.5378
983,1.1316,90.5,0.99,753.4,0.99,3690,248.5,1732705342414,11:02:22.6456
984,1.13159,181.1,0.99,753.4,0.99,3693,248.5,1732705342414,11:02:22.7473
985,1.13157,181.1,0.99,753.4,0.99,3697,248.5,1732705342414,11:02:22.8613
986,1.13155,45.3,0.99,753.4,0.99,3702,248.5,1732705342414,11:02:22.9647
987,1.13154,90.5,0.99,753.4,0.99,3706,248.5,1732705342414,11:02:23.0688
988,1.13153,181.1,0.99,753.4,0.99,3708,248.5,1732705342414,11:02:23.1824
989,1.13152,90.5,0.99,753.4,0.99,3710,248.5,1732705342414,11:02:23.2876
990,1.13151,181.1,0.99,655,0.99,3713,98.4,1732705343329,11:02:23.3976
991,1.13149,45.3,0.99,655,0.99,3722,98.4,1732705343329,11:02:23.4997
992,1.13149,45.3,0.99,655,0.99,3726,98.4,1732705343329,11:02:23.6073
993,1.13147,181.1,0.99,655,0.99,3730,98.4,1732705343329,11:02:23.7183
994,1.07136,10,0.9925,11,0.99,3735,98.4,1732705343329,11:02:23.8220
995,1.07136,10,0.9925,11,0.99,3736,98.4,1732705343329,11:02:23.9268
996,1.07136,10,0.9925,11,0.99,3738,98.4,1732705343329,11:02:24.0291
997,1.07136,10,0.9925,11,0.99,3740,98.4,1732705343329,11:02:24.1590
998,1.07136,10,0.9925,11,0.99,3741,98.4,1732705343329,11:02:24.2594
999,1.07136,10,0.99251,38,0.99,3742,98.4,1732705343329,11:02:24.5796
1000,1.07136,10,0.99251,57,0.99,3745,98.4,1732705343329,11:02:24.6834
1001,1.07136,10,0.99251,57,0.99,3750,98.4,1732705343329,11:02:24.7948
1002,1.07136,10,0.99251,57,0.99,3751,98.4,1732705343329,11:02:25.1343
1003,1.07136,10,0.86,41,0.9,3771,20,1732705345094,11:02:25.2499
1004,1.07136,10,0.86,41,0.9,3774,20,1732705345094,11:02:25.3525
1005,1.07135,193.8,0.86,41,0.9,3775,20,1732705345094,11:02:25.4608
1006,1.07133,31.6,0.86,41,0.9,3776,20,1732705345094,11:02:25.7760
1007,1.07133,31.6,0.86,41,0.9,3779,20,1732705345094,11:02:25.8864
1008,1.07132,193.8,0.86,41,0.9,3781,20,1732705345094,11:02:25.9891
1009,1.07132,193.8,0.86,41,0.9,3783,20,1732705345094,11:02:26.0917
1010,1.07131,54.8,0.86001,40,0.9,3787,20,1732705345094,11:02:26.2076
1011,1.0713,207.1,0.86001,40,0.9,3790,20,1732705345094,11:02:26.4086
1012,1.0713,235.9,0.86001,40,1.0713,3795,2.8,1732705346459,11:02:26.5134
1013,1.07129,58.6,0.86001,40,1.0713,3798,2.8,1732705346459,11:02:26.6379
1014,0.9486,10,0.86,41,1.0713,3804,2.8,1732705346459,11:02:26.7390
1015,1.0626,48.6,0.86,41,0.9486,3809,10,1732705346707,11:02:26.8649
1016,1.13175,44.1,1.102,347.4,1.102,3817,15.8,1732705346902,11:02:26.9730
1017,1.13175,44.1,1.102,347.4,1.102,3821,15.8,1732705346902,11:02:27.0776
1018,0.99,132,0.89967,10,1.102,3825,347.4,1732705347065,11:02:27.1853
1019,0.99,132,0.89967,10,1.102,3827,347.4,1732705347065,11:02:27.2872
1020,0.98999,89.5,0.89967,10,1.102,3831,347.4,1732705347065,11:02:27.3985
1021,0.98999,89.5,0.89967,10,1.102,3832,347.4,1732705347065,11:02:27.6310
1022,0.98999,89.5,0.86,41,1.102,3834,347.4,1732705347065,11:02:27.7354
1023,0.98998,89.5,0.86001,10,1.102,3836,347.4,1732705347065,11:02:27.8366
1024,0.98997,121.1,0.86001,10,1.102,3842,347.4,1732705347065,11:02:27.9443
1025,0.98997,31.6,0.86001,10,1.102,3846,347.4,1732705347065,11:02:28.0658
1026,0.98997,31.6,0.86001,10,1.102,3849,347.4,1732705347065,11:02:28.2766
1027,0.98999,216.2,0.86001,10,1.102,3851,347.4,1732705347065,11:02:28.3889
1028,0.98998,108.1,0.86001,10,1.102,3853,347.4,1732705347065,11:02:28.4953
1029,0.98995,31.6,0.86001,10,1.102,3854,347.4,1732705347065,11:02:28.6020
1030,0.98995,31.6,0.86001,10,1.102,3860,347.4,1732705347065,11:02:28.7031
1031,0.98995,31.6,0.86001,10,1.102,3863,347.4,1732705347065,11:02:28.8070
1032,0.98995,31.6,0.86001,10,1.102,3864,347.4,1732705347065,11:02:28.9324
1033,0.98995,31.6,0.86001,10,1.102,3865,347.4,1732705347065,11:02:29.0349
1034,0.98995,31.6,0.86001,10,1.102,3866,347.4,1732705347065,11:02:29.1448
1035,0.98995,31.6,0.86001,10,1.102,3867,347.4,1732705347065,11:02:29.2474
1036,0.98995,31.6,0.86001,10,1.102,3868,347.4,1732705347065,11:02:29.3539
1037,0.98998,108.1,0.86001,10,1.102,3871,347.4,1732705347065,11:02:29.4625
1038,0.98998,108.1,0.86001,10,1.102,3872,347.4,1732705347065,11:02:29.5696
1039,0.98992,31.6,0.86001,10,1.102,3874,347.4,1732705347065,11:02:29.6726
1040,0.98992,31.6,0.86001,10,1.102,3876,347.4,1732705347065,11:02:29.7810
1041,0.9825,13,0.86001,10,1.102,3878,347.4,1732705347065,11:02:29.8856
1042,0.9825,13,0.86001,10,1.102,3879,347.4,1732705347065,11:02:30.0075
1043,0.9825,13,0.86001,10,1.102,3880,347.4,1732705347065,11:02:30.2147
1044,0.9825,13,0.86001,10,1.102,3882,347.4,1732705347065,11:02:30.4161
1045,0.98247,31.6,0.86001,10,1.102,3883,347.4,1732705347065,11:02:30.5179
1046,0.98247,31.6,0.86001,10,1.102,3885,347.4,1732705347065,11:02:30.7341
1047,0.98247,31.6,0.86001,10,1.102,3886,347.4,1732705347065,11:02:30.8482
1048,0.98247,31.6,0.86001,10,1.102,3888,347.4,1732705347065,11:02:30.9582
1049,0.98247,31.6,0.86001,10,1.102,3889,347.4,1732705347065,11:02:31.0614
1050,0.98247,31.6,0.86001,10,1.102,3890,347.4,1732705347065,11:02:31.1669
1051,0.98247,31.6,0.86001,10,1.102,3891,347.4,1732705347065,11:02:31.5023
1052,0.98247,31.6,0.87,168.2,1.102,3893,347.4,1732705347065,11:02:31.7162
1053,0.98247,31.6,0.87,168.2,1.102,3895,347.4,1732705347065,11:02:31.8221
1054,0.98247,31.6,0.87001,10,1.102,3900,347.4,1732705347065,11:02:31.9283
1055,0.98247,31.6,0.87001,10,1.102,3902,347.4,1732705347065,11:02:32.0399
1056,0.98247,31.6,0.87001,10,1.102,3903,347.4,1732705347065,11:02:32.2679
1057,0.98247,31.6,0.9,54.4,1.102,3909,347.4,1732705347065,11:02:32.7036
1058,0.98247,31.6,0.9,54.4,1.102,3912,347.4,1732705347065,11:02:32.8080
1059,0.98994,62.8,0.9,54.4,0.98994,3916,45.3,1732705352852,11:02:32.9096
1060,0.98996,108.1,0.9,54.4,0.98994,3919,45.3,1732705352852,11:02:33.0229
1061,0.98996,108.1,0.9,54.4,0.98994,3920,45.3,1732705352852,11:02:33.1301
1062,0.98996,108.1,0.9,54.4,0.98994,3923,45.3,1732705352852,11:02:33.2337
1063,0.98995,108.1,0.9,54.4,0.98994,3929,45.3,1732705352852,11:02:33.3428
1064,0.98995,108.1,0.9,54.4,0.98994,3931,45.3,1732705352852,11:02:33.4601
1065,0.98995,108.1,0.9,54.4,0.98994,3933,45.3,1732705352852,11:02:33.5677
1066,0.98998,216.2,0.9,54.4,0.98994,3937,45.3,1732705352852,11:02:33.6693
1067,0.98998,216.2,0.9,54.4,0.98994,3939,45.3,1732705352852,11:02:33.7712
1068,0.98998,216.2,0.9,54.4,0.98994,3942,45.3,1732705352852,11:02:33.8869
1069,0.98998,216.2,0.9,54.4,0.98994,3944,45.3,1732705352852,11:02:33.9878
1070,0.98998,216.2,0.9,54.4,0.98994,3946,45.3,1732705352852,11:02:34.1072
1071,0.98998,216.2,0.9,54.4,0.98994,3947,45.3,1732705352852,11:02:34.7736
1072,0.98998,191.1,0.9,54.4,0.98998,3950,25.1,1732705354812,11:02:34.8776
1073,0.98997,108.1,0.9,54.4,0.98998,3953,25.1,1732705354812,11:02:35.0922
1074,0.98996,108.1,0.9,54.4,0.98998,3955,25.1,1732705354812,11:02:35.2043
1075,0.98995,108.1,0.9,54.4,0.98998,3957,25.1,1732705354812,11:02:35.4151
1076,0.98995,108.1,0.9,54.4,0.98998,3961,25.1,1732705354812,11:02:35.5155
1077,0.98998,216.2,0.9,54.4,0.98998,3964,25.1,1732705354812,11:02:35.6211
1078,0.98998,216.2,0.9,54.4,0.98998,3966,25.1,1732705354812,11:02:35.9345
1079,0.98998,216.2,0.9,54.4,0.98998,3968,25.1,1732705354812,11:02:36.0375
1080,0.98998,216.2,0.80099,249.6,0.85,3976,961.8,1732705356115,11:02:36.2442
1081,0.98998,216.2,0.80099,249.6,0.85,3977,961.8,1732705356115,11:02:36.3476
1082,0.98998,216.2,0.90228,11,0.85,3979,961.8,1732705356115,11:02:36.4478
1083,0.98997,10,0.90228,11,0.85,3980,961.8,1732705356115,11:02:36.5506
1084,0.98997,10,0.90228,11,0.85,3981,961.8,1732705356115,11:02:36.6637
1085,0.98997,10,0.90228,11,0.85,3983,961.8,1732705356115,11:02:36.7627
1086,0.98997,10,0.90228,11,0.85,3985,961.8,1732705356115,11:02:37.3051
1087,0.98997,10,0.90228,11,0.85,3986,961.8,1732705356115,11:02:37.5211
1088,0.98997,10,0.90228,11,0.85,3987,961.8,1732705356115,11:02:37.8432
1089,0.98997,10,0.88591,103.1,0.85,3988,961.8,1732705356115,11:02:38.0475
1090,0.98997,10,0.88591,103.1,0.85,3989,961.8,1732705356115,11:02:38.3548
1091,0.98997,10,0.88591,103.1,0.85,3990,961.8,1732705356115,11:02:38.4599
1092,0.98997,10,0.9,42.8,0.85,3992,961.8,1732705356115,11:02:38.6899
1093,0.9899,12.5,0.9856,318.8,0.85,3994,961.8,1732705356115,11:02:38.7935
1094,0.9899,12.5,0.9856,318.8,0.85,3996,961.8,1732705356115,11:02:38.8983
1095,0.9899,12.5,0.9856,318.8,0.85,3999,961.8,1732705356115,11:02:39.0113
1096,0.9899,12.5,0.9856,150.6,0.9856,4000,168.2,1732705359014,11:02:39.1174
1097,0.9899,12.5,0.9856,150.6,0.9856,4004,168.2,1732705359014,11:02:39.2546
1098,0.9899,12.5,0.9856,89.5,0.9856,4005,61.1,1732705359249,11:02:39.4629
1099,0.9899,12.5,0.9856,89.5,0.9856,4009,61.1,1732705359249,11:02:39.5822
1100,0.9899,12.5,0.9856,89.5,0.9856,4011,61.1,1732705359249,11:02:39.6995
1101,0.9899,12.5,0.9856,89.5,0.9856,4015,61.1,1732705359249,11:02:39.8007
1102,0.9899,12.5,0.9856,89.5,0.9856,4017,61.1,1732705359249,11:02:40.0214
1103,0.9899,12.5,0.9856,89.5,0.9856,4020,61.1,1732705359249,11:02:40.1210
1104,0.9899,12.5,0.9856,89.5,0.9856,4023,61.1,1732705359249,11:02:40.2346
1105,0.9899,12.5,0.9856,89.5,0.9856,4027,61.1,1732705359249,11:02:40.7731
1106,0.9899,12.5,0.9856,48.5,0.9856,4028,41,1732705360749,11:02:40.8721
1107,0.9899,12.5,0.9856,48.5,0.9856,4029,41,1732705360749,11:02:41.0844
1108,0.9899,12.5,0.9856,33.6,0.9856,4030,14.9,1732705361130,11:02:41.1872
1109,0.97997,75.1,0.9,42.8,0.9856,4032,33.6,1732705361294,11:02:41.3924
1110,0.97996,101.2,0.9,42.8,0.9856,4036,33.6,1732705361294,11:02:41.5004
1111,0.97996,202.4,0.9,42.8,0.9856,4038,33.6,1732705361294,11:02:41.6131
1112,0.97996,202.4,0.9,42.8,0.9856,4042,33.6,1732705361294,11:02:41.9436
1113,0.97996,202.4,0.9,42.8,0.9856,4045,33.6,1732705361294,11:02:42.0477
1114,0.97996,189,0.9,42.8,0.97996,4046,13.4,1732705362069,11:02:42.1638
1115,0.97996,189,0.9,120,0.97996,4047,13.4,1732705362069,11:02:42.2673
1116,0.97996,202.4,0.9,120,0.97996,4049,13.4,1732705362069,11:02:42.4945
1117,0.97996,202.4,0.9,120,0.97996,4053,13.4,1732705362069,11:02:42.6072
1118,0.8,2554,0.55,95.6,0.6,4063,10,1732705362615,11:02:42.7207
1119,0.8,2554,0.55,95.6,0.6,4065,10,1732705362615,11:02:42.8280
1120,0.8,2554,0.55,95.6,0.6,4066,10,1732705362615,11:02:42.9262
1121,0.8,2554,0.55,95.6,0.6,4067,10,1732705362615,11:02:43.0368
1122,0.8,2554,0.55,95.6,0.6,4070,10,1732705362615,11:02:43.1386
1123,0.8,2554,0.65,210.4,0.6,4071,10,1732705362615,11:02:43.3586
1124,0.79999,296.2,0.65,210.4,0.6,4079,10,1732705362615,11:02:43.4615
1125,0.79999,296.2,0.65,210.4,0.6,4082,10,1732705362615,11:02:43.5720
1126,0.79999,296.2,0.65,210.4,0.6,4085,10,1732705362615,11:02:43.6997
1127,0.79999,296.2,0.65,210.4,0.6,4088,10,1732705362615,11:02:44.2515
1128,0.79999,296.2,0.65,210.4,0.6,4090,10,1732705362615,11:02:44.3558
1129,0.79999,276.2,0.65,210.4,0.79999,4091,20,1732705364377,11:02:44.4647
1130,0.79998,137.9,0.65,210.4,0.79999,4093,20,1732705364377,11:02:44.5751
1131,0.79997,137.9,0.65,210.4,0.79999,4095,20,1732705364377,11:02:44.8821
1132,0.79997,137.9,0.65,210.4,0.79999,4096,20,1732705364377,11:02:44.9835
1133,0.79997,137.9,0.65,210.4,0.79999,4098,20,1732705364377,11:02:45.0909
1134,0.79997,137.9,0.65,210.4,0.79999,4101,20,1732705364377,11:02:45.4023
1135,0.79997,137.9,0.65,210.4,0.79997,4106,65.3,1732705365357,11:02:45.5058
1136,0.79997,137.9,0.65,210.4,0.79997,4108,65.3,1732705365357,11:02:45.6192
1137,0.79997,137.9,0.65,210.4,0.79997,4109,65.3,1732705365357,11:02:45.8294
1138,0.79997,137.9,0.65,210.4,0.79997,4111,65.3,1732705365357,11:02:46.0449
1139,0.79996,137.9,0.65,210.4,0.79997,4115,65.3,1732705365357,11:02:46.1491
1140,0.79996,137.9,0.65,210.4,0.79997,4116,65.3,1732705365357,11:02:46.2587
1141,0.79996,137.9,0.65,210.4,0.79997,4117,65.3,1732705365357,11:02:46.3543
1142,0.79995,137.9,0.65,210.4,0.79997,4120,65.3,1732705365357,11:02:46.4757
1143,0.79995,137.9,0.65,210.4,0.79997,4121,65.3,1732705365357,11:02:46.6863
1144,0.79995,137.9,0.65,210.4,0.79997,4122,65.3,1732705365357,11:02:46.7861
1145,0.79995,137.9,0.65,210.4,0.79997,4125,65.3,1732705365357,11:02:46.8870
1146,0.79999,275.8,0.65,210.4,0.79997,4128,65.3,1732705365357,11:02:46.9924
1147,0.79999,275.8,0.65,210.4,0.79997,4129,65.3,1732705365357,11:02:47.0964
1148,0.79999,275.8,0.65,210.4,0.79997,4133,65.3,1732705365357,11:02:47.2021
1149,0.79999,275.8,0.65,210.4,0.79997,4135,65.3,1732705365357,11:02:47.3062
1150,0.79999,275.8,0.65,210.4,0.79997,4141,65.3,1732705365357,11:02:47.4129
1151,0.79999,275.8,0.65,210.4,0.79997,4142,65.3,1732705365357,11:02:47.6173
1152,0.79999,275.8,0.65,210.4,0.79997,4144,65.3,1732705365357,11:02:47.7290
1153,0.79999,275.8,0.65,210.4,0.79997,4145,65.3,1732705365357,11:02:47.9348
1154,0.79999,275.8,0.65,210.4,0.79997,4148,65.3,1732705365357,11:02:48.0423
1155,0.79999,275.8,0.65,210.4,0.79997,4153,65.3,1732705365357,11:02:48.1472
1156,0.79999,275.8,0.65,210.4,0.79997,4157,65.3,1732705365357,11:02:48.2467
1157,0.79999,170,0.48329,103.4,0.5,4165,245.2,1732705368296,11:02:48.3525
1158,0.79998,137.9,0.48329,103.4,0.5,4170,245.2,1732705368296,11:02:48.4526
1159,0.80478,10,0.48329,103.4,0.5,4177,245.2,1732705368296,11:02:48.5586
1160,0.80478,10,0.48329,103.4,0.5,4178,245.2,1732705368296,11:02:48.6792
1161,0.80478,10,0.48329,103.4,0.5,4179,245.2,1732705368296,11:02:48.7802
1162,0.9899,37,0.48329,103.4,0.5,4181,245.2,1732705368296,11:02:49.0025
1163,0.98989,10,0.48329,103.4,0.5,4183,245.2,1732705368296,11:02:49.1112
1164,0.98989,10,0.48329,103.4,0.5,4185,245.2,1732705368296,11:02:49.3270
1165,0.98989,10,0.41382,241.6,0.5,4187,245.2,1732705368296,11:02:49.4426
1166,0.98989,10,0.41382,241.6,0.5,4192,245.2,1732705368296,11:02:49.6531
1167,0.98989,10,0.512,321.9,0.5,4195,245.2,1732705368296,11:02:49.7561
1168,0.98989,10,0.6,97.6,0.5,4196,245.2,1732705368296,11:02:49.8634
1169,0.98989,10,0.6,97.6,0.5,4197,245.2,1732705368296,11:02:49.9614
1170,0.98989,10,0.6,97.6,0.5,4199,245.2,1732705368296,11:02:50.1691
1171,0.98989,10,0.6,97.6,0.5,4201,245.2,1732705368296,11:02:50.5068
1172,0.79993,12.5,0.6,97.6,0.5,4202,245.2,1732705368296,11:02:50.6236
1173,0.98989,10,0.6,97.6,0.79993,4206,12.5,1732705370603,11:02:50.7278
1174,0.98989,10,0.6,97.6,0.79993,4208,12.5,1732705370603,11:02:50.8413
1175,0.98989,10,0.6,97.6,0.79993,4214,12.5,1732705370603,11:02:50.9471
1176,0.98989,10,0.6,97.6,0.79993,4221,12.5,1732705370603,11:02:51.1779
1177,0.98989,10,0.6,97.6,0.79993,4224,12.5,1732705370603,11:02:51.2792
1178,0.98989,10,0.6,97.6,0.79993,4225,12.5,1732705370603,11:02:51.3905
1179,0.98989,10,0.6,97.6,0.79993,4226,12.5,1732705370603,11:02:51.4966
1180,0.98989,10,0.6,97.6,0.79993,4229,12.5,1732705370603,11:02:51.6061
1181,0.98989,10,0.6,97.6,0.79993,4230,12.5,1732705370603,11:02:51.7166
1182,0.98989,10,0.6,97.6,0.79993,4231,12.5,1732705370603,11:02:51.8147
1183,0.98989,10,0.6,97.6,0.79993,4234,12.5,1732705370603,11:02:52.0196
1184,0.98989,10,0.6,97.6,0.79993,4236,12.5,1732705370603,11:02:52.3321
1185,0.9847,570.9,0.6,97.6,0.79993,4238,12.5,1732705370603,11:02:52.6542
1186,0.9847,570.9,0.512,321.9,0.79993,4245,12.5,1732705370603,11:02:52.7539
1187,0.98469,251.4,0.512,321.9,0.55,4249,637.3,1732705372704,11:02:52.8603
1188,0.98468,10,0.512,321.9,0.55,4251,637.3,1732705372704,11:02:52.9686
1189,0.98468,10,0.512,321.9,0.55,4252,637.3,1732705372704,11:02:53.1204
1190,0.98468,10,0.512,321.9,0.55,4254,637.3,1732705372704,11:02:53.2206
1191,0.98468,10,0.512,321.9,0.55,4256,637.3,1732705372704,11:02:53.4226
1192,0.79991,611.4,0.5985,16.7,0.55,4262,637.3,1732705372704,11:02:53.6347
1193,0.79991,611.4,0.5985,16.7,0.55,4263,637.3,1732705372704,11:02:53.7365
1194,0.7999,133.6,0.5985,16.7,0.55,4267,637.3,1732705372704,11:02:53.8376
1195,0.7999,267.2,0.5985,16.7,0.55,4269,637.3,1732705372704,11:02:53.9408
1196,0.7999,267.2,0.5985,16.7,0.55,4273,637.3,1732705372704,11:02:54.0441
1197,0.79991,611.4,0.5985,16.7,0.55,4275,637.3,1732705372704,11:02:54.1481
1198,0.79989,143,0.5985,16.7,0.55,4279,637.3,1732705372704,11:02:54.2505
1199,0.79989,143,0.5985,16.7,0.55,4280,637.3,1732705372704,11:02:54.4522
1200,0.79989,143,0.512,321.9,0.55,4283,637.3,1732705372704,11:02:54.5558
1201,0.79989,143,0.512,321.9,0.55,4284,637.3,1732705372704,11:02:54.6686
1202,0.79989,143,0.512,317.7,0.512,4287,4.2,1732705374725,11:02:54.7778
1203,0.79988,143,0.64,272.5,0.64,4293,20,1732705374815,11:02:54.8852
1204,0.79988,143,0.64,272.5,0.64,4294,20,1732705374815,11:02:54.9898
1205,0.7999,143,0.512,317.7,0.64,4299,272.5,1732705375033,11:02:55.0917
1206,0.7999,286,0.512,317.7,0.64,4300,272.5,1732705375033,11:02:55.1945
1207,0.79989,143,0.512,317.7,0.64,4303,272.5,1732705375033,11:02:55.2988
1208,0.79988,143,0.512,317.7,0.64,4306,272.5,1732705375033,11:02:55.4069
1209,0.79988,143,0.512,317.7,0.64,4309,272.5,1732705375033,11:02:55.5109
1210,0.7999,286,0.512,317.7,0.64,4314,272.5,1732705375033,11:02:55.6308
1211,0.79989,143,0.512,317.7,0.64,4317,272.5,1732705375033,11:02:55.8367
1212,0.79989,143,0.512,317.7,0.64,4318,272.5,1732705375033,11:02:55.9431
1213,0.79988,143,0.512,317.7,0.64,4320,272.5,1732705375033,11:02:56.0465
1214,0.79988,143,0.512,317.7,0.64,4323,272.5,1732705375033,11:02:56.1484
1215,0.7999,295.4,0.55002,445,0.64,4327,272.5,1732705375033,11:02:56.2496
1216,0.7999,295.4,0.55002,445,0.64,4328,272.5,1732705375033,11:02:56.3594
1217,0.79989,152.4,0.55002,445,0.64,4331,272.5,1732705375033,11:02:56.4668
1218,0.79988,637.3,0.55002,445,0.64,4334,272.5,1732705375033,11:02:56.6819
1219,0.79988,637.3,0.55002,445,0.64,4336,272.5,1732705375033,11:02:56.7828
1220,0.79987,152.4,0.55002,445,0.64,4339,272.5,1732705375033,11:02:56.8923
1221,0.79987,152.4,0.55002,445,0.64,4340,272.5,1732705375033,11:02:56.9968
1222,0.79987,152.4,0.55002,445,0.64,4342,272.5,1732705375033,11:02:57.2159
1223,0.79987,152.4,0.55002,445,0.64,4343,272.5,1732705375033,11:02:57.3167
1224,0.79986,152.4,0.55002,445,0.64,4345,272.5,1732705375033,11:02:57.6352
1225,0.79986,152.4,0.55002,445,0.64,4347,272.5,1732705375033,11:02:57.7403
1226,0.79985,152.4,0.512,300.4,0.512,4357,17.3,1732705377741,11:02:57.8458
1227,0.79986,98.4,0.512,300.4,0.512,4361,17.3,1732705377741,11:02:57.9483
1228,0.79986,98.4,0.512,300.4,0.512,4362,17.3,1732705377741,11:02:58.0582
1229,0.79986,98.4,0.51203,60.2,0.512,4364,17.3,1732705377741,11:02:58.1633
1230,0.79986,98.4,0.51203,60.2,0.512,4366,17.3,1732705377741,11:02:58.2690
1231,0.79985,152.4,0.51203,60.2,0.54285,4372,4.2,1732705378271,11:02:58.3711
1232,0.79985,152.4,0.51203,60.2,0.54285,4374,4.2,1732705378271,11:02:58.4758
1233,0.79984,98.4,0.512,822.4,0.54285,4377,4.2,1732705378271,11:02:58.5778
1234,0.79987,152.4,0.512,822.4,0.54285,4380,4.2,1732705378271,11:02:58.6851
1235,0.79987,250.8,0.512,822.4,0.54285,4382,4.2,1732705378271,11:02:58.7923
1236,0.79987,250.8,0.51203,60.2,0.5,4391,13.1,1732705378823,11:02:58.9036
1237,0.79987,250.8,0.51203,60.2,0.5,4393,13.1,1732705378823,11:02:59.4232
1238,0.79986,10,0.51203,60.2,0.5,4395,13.1,1732705378823,11:02:59.5364
1239,0.79986,10,0.444,56.3,0.5,4396,13.1,1732705378823,11:02:59.6449
1240,0.79986,10,0.444,56.3,0.5,4397,13.1,1732705378823,11:02:59.7538
1241,0.79986,10,0.51206,60.2,0.5,4398,13.1,1732705378823,11:02:59.9887
1242,0.79986,10,0.51206,60.2,0.5,4401,13.1,1732705378823,11:03:00.1066
1243,0.79986,10,0.6,2102.5,0.5,4403,13.1,1732705378823,11:03:00.2139
1244,0.79986,10,0.6,2102.5,0.5,4404,13.1,1732705378823,11:03:00.3201
1245,0.79986,10,0.6,2102.5,0.5,4406,13.1,1732705378823,11:03:00.4268
1246,0.79986,10,0.6,1780.6,0.5,4408,13.1,1732705378823,11:03:00.5269
1247,0.79986,10,0.6,1780.6,0.6,4409,321.9,1732705380482,11:03:00.6280
1248,0.79986,10,0.6,1780.6,0.6,4410,321.9,1732705380482,11:03:00.7325
1249,0.79986,3.8,0.6,1780.6,0.6,4411,321.9,1732705380482,11:03:00.9406
1250,0.79986,3.8,0.6,1780.6,0.79986,4413,6.2,1732705380895,11:03:01.0535
1251,0.79986,146.6,0.6,1780.6,0.79986,4420,6.2,1732705380895,11:03:01.1607
1252,0.79985,98.4,0.6,1780.6,0.79986,4423,6.2,1732705380895,11:03:01.2613
1253,0.79987,107.3,0.6,1780.6,0.79986,4427,44.7,1732705381218,11:03:01.3703
1254,0.79986,142.8,0.60003,51.4,0.79986,4430,44.7,1732705381218,11:03:01.4768
1255,0.79986,17.8,0.60003,51.4,0.79986,4432,125,1732705381514,11:03:01.5763
1256,0.79986,43.9,0.60003,51.4,0.79986,4439,125,1732705381514,11:03:01.6849
1257,0.79986,43.9,0.60003,51.4,0.79986,4441,125,1732705381514,11:03:01.7859
1258,0.79986,43.9,0.60003,51.4,0.79986,4447,125,1732705381514,11:03:01.8954
1259,0.79986,43.9,0.60003,51.4,0.79986,4448,125,1732705381514,11:03:02.1048
1260,0.79986,43.9,0.60003,51.4,0.79986,4451,125,1732705381514,11:03:02.2191
1261,0.79987,88.7,0.61992,104.8,0.79987,4456,18.6,1732705382230,11:03:02.3224
1262,0.79987,88.7,0.5,352.6,0.57616,4465,10.3,1732705382354,11:03:02.4271
1263,0.79987,88.7,0.5,352.6,0.57616,4468,10.3,1732705382354,11:03:02.5336
1264,0.79987,88.7,0.44441,112.5,0.57616,4469,10.3,1732705382354,11:03:02.6422
1265,0.79986,10.3,0.44441,112.5,0.5,4470,352.6,1732705382597,11:03:02.7764
1266,0.79986,10.3,0.44441,112.5,0.5,4473,352.6,1732705382597,11:03:02.8880
1267,0.79986,10.3,0.6137,16.2,0.5,4476,352.6,1732705382597,11:03:03.0037
1268,0.7749,104.8,0.6137,16.2,0.5,4480,352.6,1732705382597,11:03:03.3545
1269,0.7749,98.4,0.6137,16.2,0.7749,4485,6.4,1732705383312,11:03:03.4543
1270,0.7749,98.4,0.6137,16.2,0.7749,4487,6.4,1732705383312,11:03:03.5663
1271,0.7749,98.4,0.44,90.8,0.7749,4491,6.4,1732705383312,11:03:03.6762
1272,0.7749,98.4,0.4472,223.6,0.7749,4492,6.4,1732705383312,11:03:03.7987
1273,0.7749,98.4,0.4472,223.6,0.7749,4494,6.4,1732705383312,11:03:03.9001
1274,0.7749,98.4,0.46,43.4,0.7749,4499,6.4,1732705383312,11:03:04.0140
1275,0.7749,98.4,0.46,43.4,0.7749,4501,6.4,1732705383312,11:03:04.1313
1276,0.7749,98.4,0.49,204,0.7749,4505,6.4,1732705383312,11:03:04.2364
1277,0.7749,98.4,0.49,204,0.7749,4506,6.4,1732705383312,11:03:04.3378
1278,0.7749,98.4,0.49,204,0.7749,4507,6.4,1732705383312,11:03:04.6549
1279,0.7749,98.4,0.49,204,0.7749,4511,6.4,1732705383312,11:03:04.7539
1280,0.7749,98.4,0.49,204,0.7749,4514,6.4,1732705383312,11:03:04.8556
1281,0.7749,98.4,0.49,204,0.7749,4516,6.4,1732705383312,11:03:04.9729
1282,0.77488,260.1,0.49,204,0.7749,4518,6.4,1732705383312,11:03:05.0772
1283,0.77488,260.1,0.49,204,0.7749,4520,6.4,1732705383312,11:03:05.2909
1284,0.77488,260.1,0.49,204,0.7749,4523,6.4,1732705383312,11:03:05.3971
1285,0.77487,51.3,0.49,204,0.7749,4525,6.4,1732705383312,11:03:05.6084
1286,0.77487,51.3,0.49,204,0.7749,4526,6.4,1732705383312,11:03:05.7204
1287,0.77487,51.3,0.49,204,0.7749,4528,6.4,1732705383312,11:03:05.9428
1288,0.77488,260.1,0.49,204,0.7749,4531,6.4,1732705383312,11:03:06.0436
1289,0.77488,260.1,0.49,204,0.7749,4535,6.4,1732705383312,11:03:06.1530
1290,0.75276,98.4,0.49,204,0.7749,4537,6.4,1732705383312,11:03:06.2716
1291,0.75276,98.4,0.49,204,0.7749,4540,6.4,1732705383312,11:03:06.3774
1292,0.75276,98.4,0.49,204,0.7749,4542,6.4,1732705383312,11:03:06.4813
1293,0.75276,98.4,0.49368,202.5,0.7749,4546,6.4,1732705383312,11:03:06.5921
1294,0.75276,98.4,0.49368,202.5,0.7749,4547,6.4,1732705383312,11:03:06.7021
1295,0.75276,98.4,0.4678,62.6,0.4678,4553,44.2,1732705386748,11:03:06.8079
1296,0.75276,98.4,0.4678,62.6,0.4678,4554,44.2,1732705386748,11:03:06.9111
1297,0.75273,51.3,0.4678,62.6,0.4678,4555,44.2,1732705386748,11:03:07.0184
1298,0.75273,51.3,0.4678,62.6,0.4678,4558,44.2,1732705386748,11:03:07.1318
1299,0.75273,51.3,0.4678,62.6,0.4678,4560,44.2,1732705386748,11:03:07.2410
1300,0.75273,51.3,0.46,16.1,0.46,4562,27.3,1732705387244,11:03:07.3421
1301,0.75276,76.7,0.46,16.1,0.75276,4564,21.7,1732705387388,11:03:07.4476
1302,0.75276,76.7,0.46,16.1,0.75276,4567,21.7,1732705387388,11:03:07.6685
1303,0.75276,76.7,0.45,1377.4,0.45,4570,499.2,1732705387845,11:03:07.9860
1304,0.66792,202.5,0.45,1377.4,0.45,4573,499.2,1732705387845,11:03:08.0825
1305,0.66792,202.5,0.45003,85.1,0.45,4576,499.2,1732705387845,11:03:08.1845
1306,0.66792,202.5,0.45003,85.1,0.45,4578,499.2,1732705387845,11:03:08.2866
1307,0.66792,202.5,0.45003,85.1,0.45,4580,499.2,1732705387845,11:03:08.3911
1308,0.66792,52.5,0.45003,85.1,0.66792,4581,150,1732705388429,11:03:08.4967
1309,0.66792,52.5,0.45003,85.1,0.66792,4583,150,1732705388429,11:03:08.6010
1310,0.66792,52.5,0.45003,85.1,0.66792,4584,150,1732705388429,11:03:08.7021
1311,0.64,156.2,0.5,1257.8,0.66792,4587,150,1732705388429,11:03:08.8092
1312,0.64,156.2,0.5,1257.8,0.66792,4591,150,1732705388429,11:03:08.9070
1313,0.64,156.2,0.5,1257.8,0.66792,4593,150,1732705388429,11:03:09.0275
1314,0.64,156.2,0.5,1257.8,0.66792,4596,150,1732705388429,11:03:09.1331
1315,0.64,156.2,0.5,1257.8,0.66792,4604,150,1732705388429,11:03:09.2481
1316,0.64,156.2,0.5,1257.8,0.66792,4615,150,1732705388429,11:03:09.3806
1317,0.64,156.2,0.5,1257.8,0.66792,4617,150,1732705388429,11:03:09.4829
1318,0.64,156.2,0.50003,76.6,0.66792,4619,150,1732705388429,11:03:09.5905
1319,0.63153,106.8,0.50003,76.6,0.66792,4623,150,1732705388429,11:03:09.8132
1320,0.63153,106.8,0.50003,76.6,0.66792,4624,150,1732705388429,11:03:09.9288
1321,0.63153,106.8,0.50003,76.6,0.66792,4625,150,1732705388429,11:03:10.0312
1322,0.61,32.7,0.50003,76.6,0.66792,4629,150,1732705388429,11:03:10.1406
1323,0.61,32.7,0.50003,76.6,0.66792,4632,150,1732705388429,11:03:10.2894
1324,0.61,32.7,0.50003,76.6,0.66792,4636,150,1732705388429,11:03:10.3867
1325,0.61,32.7,0.50003,76.6,0.66792,4637,150,1732705388429,11:03:10.5025
1326,0.61,32.7,0.50003,76.6,0.66792,4638,150,1732705388429,11:03:10.6041
1327,0.61,32.7,0.50003,76.6,0.66792,4640,150,1732705388429,11:03:10.8158
1328,0.61,32.7,0.50003,76.6,0.66792,4642,150,1732705388429,11:03:10.9238
1329,0.61,32.7,0.50003,76.6,0.66792,4644,150,1732705388429,11:03:11.0356
1330,0.60258,52.5,0.50003,76.6,0.66792,4645,150,1732705388429,11:03:11.1388
1331,0.60258,52.5,0.50003,76.6,0.66792,4646,150,1732705388429,11:03:11.2532
1332,0.60258,52.5,0.50003,76.6,0.66792,4648,150,1732705388429,11:03:11.3668
1333,0.60258,22.8,0.50003,76.6,0.60258,4651,29.7,1732705391372,11:03:11.4667
1334,0.60258,22.8,0.50003,76.6,0.60258,4652,29.7,1732705391372,11:03:11.5666
1335,0.60258,22.8,0.50003,76.6,0.60258,4653,29.7,1732705391372,11:03:11.6771
1336,0.60258,22.8,0.50003,76.6,0.60258,4654,29.7,1732705391372,11:03:11.7822
1337,0.60258,22.8,0.50003,76.6,0.60258,4655,29.7,1732705391372,11:03:12.0139
1338,0.60258,22.8,0.50003,76.6,0.60258,4658,29.7,1732705391372,11:03:12.1260
1339,0.60258,22.8,0.50003,76.6,0.60258,4659,29.7,1732705391372,11:03:12.4144
1340,0.61992,60.7,0.50003,76.6,0.61992,4663,16,1732705392385,11:03:12.5583
1341,0.61991,10.3,0.5,902.4,0.61992,4669,16,1732705392385,11:03:12.6792
1342,0.61991,10.3,0.5,902.4,0.5,4670,355.4,1732705392634,11:03:12.7801
1343,0.61992,7,0.5,902.4,0.61992,4674,53.7,1732705392823,11:03:12.9058
1344,0.61992,7,0.5,902.4,0.61992,4676,53.7,1732705392823,11:03:13.0085
1345,0.61992,7,0.5,902.4,0.61992,4677,53.7,1732705392823,11:03:13.1336
1346,0.61992,7,0.5,902.4,0.61992,4678,53.7,1732705392823,11:03:13.2374
1347,0.6,10.7,0.5,902.4,0.61992,4680,53.7,1732705392823,11:03:13.6675
1348,0.6,10.7,0.50001,10,0.61992,4683,53.7,1732705392823,11:03:13.7677
1349,0.6,10.7,0.50001,10,0.61992,4687,53.7,1732705392823,11:03:13.8786
1350,0.6,10.7,0.51,123.5,0.61992,4690,53.7,1732705392823,11:03:14.0047
1351,0.6,10.7,0.51,123.5,0.61992,4691,53.7,1732705392823,11:03:14.0999
1352,0.6,10.7,0.51,123.5,0.61992,4692,53.7,1732705392823,11:03:14.4113
1353,0.6,10.7,0.51,123.5,0.61992,4694,53.7,1732705392823,11:03:14.5172
1354,0.59997,76.7,0.51,123.5,0.61992,4697,53.7,1732705392823,11:03:14.7171
1355,0.59997,76.7,0.51,123.5,0.61992,4698,53.7,1732705392823,11:03:14.8232
1356,0.59997,76.7,0.51,123.5,0.61992,4700,53.7,1732705392823,11:03:15.1322
1357,0.59997,76.7,0.51,123.5,0.61992,4705,53.7,1732705392823,11:03:15.2280
1358,0.59997,76.7,0.51,123.5,0.61992,4707,53.7,1732705392823,11:03:15.3342
1359,0.59997,76.7,0.51,123.5,0.61992,4708,53.7,1732705392823,11:03:15.4490
1360,0.59997,76.7,0.51,123.5,0.61992,4709,53.7,1732705392823,11:03:15.5554
1361,0.59997,76.7,0.51,123.5,0.61992,4712,53.7,1732705392823,11:03:15.6645
1362,0.59997,72.9,0.51,123.5,0.59997,4717,3.8,1732705395718,11:03:15.7799
1363,0.59997,72.9,0.51,123.5,0.59997,4718,3.8,1732705395718,11:03:15.9140
1364,0.59997,72.9,0.51,123.5,0.59997,4720,3.8,1732705395718,11:03:16.0122
1365,0.59997,62.9,0.51,123.5,0.59997,4722,10,1732705396045,11:03:16.1163
1366,0.59997,62.9,0.51001,136,0.59997,4724,10,1732705396045,11:03:16.2266
1367,0.585,51.2,0.51001,136,0.63151,4735,160.5,1732705396236,11:03:16.3443
1368,0.585,51.2,0.51001,136,0.63151,4740,160.5,1732705396236,11:03:16.4510
1369,0.585,51.2,0.51001,136,0.63151,4741,160.5,1732705396236,11:03:16.5559
1370,0.585,51.2,0.51001,136,0.63151,4742,160.5,1732705396236,11:03:16.6589
1371,0.65,637.3,0.51001,136,0.64,4748,156.2,1732705396615,11:03:16.7590
1372,0.65,637.3,0.51001,136,0.64,4753,156.2,1732705396615,11:03:16.8615
1373,0.65,637.3,0.51001,136,0.64,4756,156.2,1732705396615,11:03:16.9654
1374,0.65,637.3,0.51,123.5,0.64,4764,156.2,1732705396615,11:03:17.0766
1375,0.65,637.3,0.51,123.5,0.64,4768,156.2,1732705396615,11:03:17.1964
1376,0.65,637.3,0.51,123.5,0.64,4769,156.2,1732705396615,11:03:17.2997
1377,0.65,637.3,0.51004,89.6,0.64,4773,156.2,1732705396615,11:03:17.4084
1378,0.65,633.2,0.51004,89.6,0.65,4777,4.1,1732705397665,11:03:17.7148
1379,0.65,633.2,0.51458,97.1,0.65,4781,4.1,1732705397665,11:03:17.8193
1380,0.65,633.2,0.51458,97.1,0.65,4785,4.1,1732705397665,11:03:17.9260
1381,0.65,633.2,0.51458,97.1,0.65,4788,4.1,1732705397665,11:03:18.0378
1382,0.65,616.3,0.51458,97.1,0.65,4795,16.9,1732705398019,11:03:18.1436
1383,0.65,616.3,0.51458,194.2,0.65,4799,16.9,1732705398019,11:03:18.2489
1384,0.65,616.3,0.54285,27.1,0.65,4802,16.9,1732705398019,11:03:18.3475
1385,0.65,616.3,0.54285,27.1,0.65,4807,16.9,1732705398019,11:03:18.4550
1386,0.65,616.3,0.54285,27.1,0.65,4809,16.9,1732705398019,11:03:18.5627
1387,0.65,616.3,0.54285,27.1,0.65,4811,16.9,1732705398019,11:03:18.6788
1388,0.63,260.5,0.54285,27.1,0.65,4813,16.9,1732705398019,11:03:18.8874
1389,0.63,260.5,0.54285,27.1,0.65,4817,16.9,1732705398019,11:03:19.0006
1390,0.63,260.5,0.54285,27.1,0.65,4818,16.9,1732705398019,11:03:19.2061
1391,0.63,260.5,0.54285,27.1,0.65,4820,16.9,1732705398019,11:03:19.3132
