{
  "metadata": {
    "symbol": "PONCH",
    "channel": "match",
    "start_time": "13:59:30.0000",
    "release_time": "14:00:00.0000",
    "end_time": "14:20:00.0000",
    "total_messages": 5659,
    "final_snapshot": {
      "time": "14:20:00.7960",
      "symbol": "PONCH-USDT",
      "price_high": "0.795",
      "price_last": "0.45",
      "price_low": "0.25",
      "price_avg": null,
      "volValue_USDT": "163291.760764"
    }
  },
  "data": [
    {
      "price": "0.25",
      "sequence": "6055968708376577",
      "side": "sell",
      "size": "1",
      "symbol": "PONCH-USDT",
      "time": "1733493600000000000",
      "tradeId": "6055968708376577",
      "type": "match",
      "time_received": "14:00:00.0672"
    },
    {
      "makerOrderId": "6752fd37ff2a9e0007f71bfd",
      "price": "0.25",
      "sequence": "6055968708376578",
      "side": "buy",
      "size": "70",
      "symbol": "PONCH-USDT",
      "takerOrderId": "675303603bb37e000795ff0d",
      "time": "1733493600008000000",
      "tradeId": "6055968708376578",
      "type": "match",
      "time_received": "14:00:00.0675"
    },
    {
      "makerOrderId": "6752fd377cf7ff0007869888",
      "price": "0.26",
      "sequence": "6055968708376581",
      "side": "buy",
      "size": "43",
      "symbol": "PONCH-USDT",
      "takerOrderId": "675303603bb37e000795ff0d",
      "time": "1733493600008000000",
      "tradeId": "6055968708376581",
      "type": "match",
      "time_received": "14:00:00.0676"
    },
    {
      "makerOrderId": "6752fd371e1c9e000736c72e",
      "price": "0.27",
      "sequence": "6055968725547009",
      "side": "buy",
      "size": "41",
      "symbol": "PONCH-USDT",
      "takerOrderId": "675303603bb37e000796000d",
      "time": "1733493600050000000",
      "tradeId": "6055968725547009",
      "type": "match",
      "time_received": "14:00:00.0928"
    },
    {
      "makerOrderId": "6752fd37fd80ce00076617f8",
      "price": "0.29",
      "sequence": "6055968725547012",
      "side": "buy",
      "size": "38",
      "symbol": "PONCH-USDT",
      "takerOrderId": "675303603bb37e000796000d",
      "time": "1733493600050000000",
      "tradeId": "6055968725547012",
      "type": "match",
      "time_received": "14:00:00.0930"
    },
    {
      "makerOrderId": "6752fd379574f30007f30eeb",
      "price": "0.3",
      "sequence": "6055968725678081",
      "side": "buy",
      "size": "37",
      "symbol": "PONCH-USDT",
      "takerOrderId": "675303603bb37e000795ffd0",
      "time": "1733493600050000000",
      "tradeId": "6055968725678081",
      "type": "match",
      "time_received": "14:00:00.0930"
    },
    {
      "makerOrderId": "6752fd378338b9000728c3a8",
      "price": "0.31",
      "sequence": "6055968725678084",
      "side": "buy",
      "size": "36",
      "symbol": "PONCH-USDT",
      "takerOrderId": "675303603bb37e000795ffd0",
      "time": "1733493600050000000",
      "tradeId": "6055968725678084",
      "type": "match",
      "time_received": "14:00:00.0931"
    },
    {
      "makerOrderId": "6752fd37a398ab00077bc5ea",
      "price": "0.32",
      "sequence": "6055968725678087",
      "side": "buy",
      "size": "35",
      "symbol": "PONCH-USDT",
      "takerOrderId": "675303603bb37e000795ffd0",
      "time": "1733493600050000000",
      "tradeId": "6055968725678087",
      "type": "match",
      "time_received": "14:00:00.0933"
    },
    {
      "makerOrderId": "6752fd371ed0d80007da6f9a",
      "price": "0.33",
      "sequence": "6055968725678090",
      "side": "buy",
      "size": "34",
      "symbol": "PONCH-USDT",
      "takerOrderId": "675303603bb37e000795ffd0",
      "time": "1733493600050000000",
      "tradeId": "6055968725678090",
      "type": "match",
      "time_received": "14:00:00.0934"
    },
    {
      "makerOrderId": "6752fd37fe36bf000709284a",
      "price": "0.34",
      "sequence": "6055968727119873",
      "side": "buy",
      "size": "66",
      "symbol": "PONCH-USDT",
      "takerOrderId": "675303603bb37e0007960059",
      "time": "1733493600052000000",
      "tradeId": "6055968727119873",
      "type": "match",
      "time_received": "14:00:00.0934"
    },
    {
      "makerOrderId": "6752fd371e1c9e000736c918",
      "price": "0.35",
      "sequence": "6055968727119876",
      "side": "buy",
      "size": "32",
      "symbol": "PONCH-USDT",
      "takerOrderId": "675303603bb37e0007960059",
      "time": "1733493600052000000",
      "tradeId": "6055968727119876",
      "type": "match",
      "time_received": "14:00:00.1339"
    },
    {
      "makerOrderId": "6752fd37716ab30007d5cc57",
      "price": "0.36",
      "sequence": "6055968727119879",
      "side": "buy",
      "size": "81",
      "symbol": "PONCH-USDT",
      "takerOrderId": "675303603bb37e0007960059",
      "time": "1733493600052000000",
      "tradeId": "6055968727119879",
      "type": "match",
      "time_received": "14:00:00.1339"
    },
    {
      "makerOrderId": "6752fd378338b9000728c4e3",
      "price": "0.37",
      "sequence": "6055968727119882",
      "side": "buy",
      "size": "30",
      "symbol": "PONCH-USDT",
      "takerOrderId": "675303603bb37e0007960059",
      "time": "1733493600052000000",
      "tradeId": "6055968727119882",
      "type": "match",
      "time_received": "14:00:00.1340"
    },
    {
      "makerOrderId": "6752fd37fd061e0007846929",
      "price": "0.38",
      "sequence": "6055968727250945",
      "side": "buy",
      "size": "58",
      "symbol": "PONCH-USDT",
      "takerOrderId": "675303603bb37e000795ffec",
      "time": "1733493600052000000",
      "tradeId": "6055968727250945",
      "type": "match",
      "time_received": "14:00:00.1340"
    },
    {
      "makerOrderId": "6752fd37a398ab00077bc718",
      "price": "0.39",
      "sequence": "6055968727250948",
      "side": "buy",
      "size": "29",
      "symbol": "PONCH-USDT",
      "takerOrderId": "675303603bb37e000795ffec",
      "time": "1733493600052000000",
      "tradeId": "6055968727250948",
      "type": "match",
      "time_received": "14:00:00.1341"
    },
    {
      "makerOrderId": "6752fd38ecb8b2000792b42f",
      "price": "0.4",
      "sequence": "6055968727250951",
      "side": "buy",
      "size": "260",
      "symbol": "PONCH-USDT",
      "takerOrderId": "675303603bb37e000795ffec",
      "time": "1733493600052000000",
      "tradeId": "6055968727250951",
      "type": "match",
      "time_received": "14:00:00.1341"
    },
    {
      "makerOrderId": "6752fd381ed0d80007da72ed",
      "price": "0.41",
      "sequence": "6055968727250954",
      "side": "buy",
      "size": "31",
      "symbol": "PONCH-USDT",
      "takerOrderId": "675303603bb37e000795ffec",
      "time": "1733493600052000000",
      "tradeId": "6055968727250954",
      "type": "match",
      "time_received": "14:00:00.1341"
    },
    {
      "makerOrderId": "6752fd38e775000007fd29a1",
      "price": "0.42",
      "sequence": "6055968729085953",
      "side": "buy",
      "size": "30",
      "symbol": "PONCH-USDT",
      "takerOrderId": "6753036041bdfd0007bebc5d",
      "time": "1733493600054000000",
      "tradeId": "6055968729085953",
      "type": "match",
      "time_received": "14:00:00.1343"
    },
    {
      "makerOrderId": "6752fd38a398ab00077bc9f5",
      "price": "0.43",
      "sequence": "6055968729085956",
      "side": "buy",
      "size": "94",
      "symbol": "PONCH-USDT",
      "takerOrderId": "6753036041bdfd0007bebc5d",
      "time": "1733493600054000000",
      "tradeId": "6055968729085956",
      "type": "match",
      "time_received": "14:00:00.1343"
    },
    {
      "makerOrderId": "6752fd383ecf4300074798bf",
      "price": "0.44",
      "sequence": "6055968729085959",
      "side": "buy",
      "size": "63",
      "symbol": "PONCH-USDT",
      "takerOrderId": "6753036041bdfd0007bebc5d",
      "time": "1733493600054000000",
      "tradeId": "6055968729085959",
      "type": "match",
      "time_received": "14:00:00.1343"
    },
    {
      "makerOrderId": "6752fd38fd061e0007847767",
      "price": "0.45",
      "sequence": "6055968729085962",
      "side": "buy",
      "size": "25",
      "symbol": "PONCH-USDT",
      "takerOrderId": "6753036041bdfd0007bebc5d",
      "time": "1733493600054000000",
      "tradeId": "6055968729085962",
      "type": "match",
      "time_received": "14:00:00.1344"
    },
    {
      "makerOrderId": "6752fd382e6b3a0007246dc4",
      "price": "0.46",
      "sequence": "6055968729085965",
      "side": "buy",
      "size": "39",
      "symbol": "PONCH-USDT",
      "takerOrderId": "6753036041bdfd0007bebc5d",
      "time": "1733493600054000000",
      "tradeId": "6055968729085965",
      "type": "match",
      "time_received": "14:00:00.1344"
    },
    {
      "makerOrderId": "6752fd38716ab30007d5db5a",
      "price": "0.47",
      "sequence": "6055968729741313",
      "side": "buy",
      "size": "24",
      "symbol": "PONCH-USDT",
      "takerOrderId": "675303603bb37e000796004a",
      "time": "1733493600055000000",
      "tradeId": "6055968729741313",
      "type": "match",
      "time_received": "14:00:00.1345"
    },
    {
      "makerOrderId": "6752fd38b1d2ab00076f950c",
      "price": "0.48",
      "sequence": "6055968729741316",
      "side": "buy",
      "size": "23",
      "symbol": "PONCH-USDT",
      "takerOrderId": "675303603bb37e000796004a",
      "time": "1733493600055000000",
      "tradeId": "6055968729741316",
      "type": "match",
      "time_received": "14:00:00.1345"
    },
    {
      "makerOrderId": "6752fd38ecb8b2000792c200",
      "price": "0.49",
      "sequence": "6055968729741319",
      "side": "buy",
      "size": "23",
      "symbol": "PONCH-USDT",
      "takerOrderId": "675303603bb37e000796004a",
      "time": "1733493600055000000",
      "tradeId": "6055968729741319",
      "type": "match",
      "time_received": "14:00:00.1345"
    },
    {
      "makerOrderId": "6752e9cb1ed0d80007358ad8",
      "price": "0.75",
      "sequence": "6055968739702785",
      "side": "buy",
      "size": "1",
      "symbol": "PONCH-USDT",
      "takerOrderId": "6753036041bdfd0007bebdbd",
      "time": "1733493600079000000",
      "tradeId": "6055968739702785",
      "type": "match",
      "time_received": "14:00:00.1347"
    },
    {
      "makerOrderId": "6752e9cb1ed0d80007358ad8",
      "price": "0.75",
      "sequence": "6055968775878657",
      "side": "buy",
      "size": "1",
      "symbol": "PONCH-USDT",
      "takerOrderId": "675303609574f300072e3414",
      "time": "1733493600150000000",
      "tradeId": "6055968775878657",
      "type": "match",
      "time_received": "14:00:00.1968"
    },
    {
      "makerOrderId": "6752e9cb1ed0d80007358ad8",
      "price": "0.75",
      "sequence": "6055968776009729",
      "side": "buy",
      "size": "1",
      "symbol": "PONCH-USDT",
      "takerOrderId": "675303609574f300072e3413",
      "time": "1733493600150000000",
      "tradeId": "6055968776009729",
      "type": "match",
      "time_received": "14:00:00.1969"
    },
    {
      "makerOrderId": "6752e9cb1ed0d80007358ad8",
      "price": "0.75",
      "sequence": "6055968786888705",
      "side": "buy",
      "size": "1",
      "symbol": "PONCH-USDT",
      "takerOrderId": "6753036041bdfd0007bec040",
      "time": "1733493600172000000",
      "tradeId": "6055968786888705",
      "type": "match",
      "time_received": "14:00:00.2187"
    },
    {
      "makerOrderId": "6752e9cb1ed0d80007358ad8",
      "price": "0.75",
      "sequence": "6055968798423041",
      "side": "buy",
      "size": "1",
      "symbol": "PONCH-USDT",
      "takerOrderId": "67530360ff2a9e0007323cdc",
      "time": "1733493600197000000",
      "tradeId": "6055968798423041",
      "type": "match",
      "time_received": "14:00:00.2418"
    },
    {
      "makerOrderId": "6752e9cb1ed0d80007358ad8",
      "price": "0.75",
      "sequence": "6055968800782337",
      "side": "buy",
      "size": "1",
      "symbol": "PONCH-USDT",
      "takerOrderId": "67530360ff2a9e0007323d4f",
      "time": "1733493600200000000",
      "tradeId": "6055968800782337",
      "type": "match",
      "time_received": "14:00:00.2419"
    },
    {
      "makerOrderId": "6752e9cb1ed0d80007358ad8",
      "price": "0.75",
      "sequence": "6055968814282753",
      "side": "buy",
      "size": "14",
      "symbol": "PONCH-USDT",
      "takerOrderId": "675303609574f300072e361b",
      "time": "1733493600223000000",
      "tradeId": "6055968814282753",
      "type": "match",
      "time_received": "14:00:00.2629"
    },
    {
      "makerOrderId": "6752e9cb1ed0d80007358ad8",
      "price": "0.75",
      "sequence": "6055968820574209",
      "side": "buy",
      "size": "1",
      "symbol": "PONCH-USDT",
      "takerOrderId": "675303609574f300072e3683",
      "time": "1733493600232000000",
      "tradeId": "6055968820574209",
      "type": "match",
      "time_received": "14:00:00.2720"
    },
    {
      "makerOrderId": "6752e9cb1ed0d80007358ad8",
      "price": "0.75",
      "sequence": "6055968852555777",
      "side": "buy",
      "size": "1",
      "symbol": "PONCH-USDT",
      "takerOrderId": "675303601ed0d800071594a0",
      "time": "1733493600285000000",
      "tradeId": "6055968852555777",
      "type": "match",
      "time_received": "14:00:00.3292"
    },
    {
      "makerOrderId": "6752e9cb1ed0d80007358ad8",
      "price": "0.75",
      "sequence": "6055968852686849",
      "side": "buy",
      "size": "1",
      "symbol": "PONCH-USDT",
      "takerOrderId": "675303601ed0d80007159459",
      "time": "1733493600285000000",
      "tradeId": "6055968852686849",
      "type": "match",
      "time_received": "14:00:00.3293"
    },
    {
      "makerOrderId": "6752e9cb1ed0d80007358ad8",
      "price": "0.75",
      "sequence": "6055968855308289",
      "side": "buy",
      "size": "5",
      "symbol": "PONCH-USDT",
      "takerOrderId": "67530360aef36e0007c8c3a0",
      "time": "1733493600290000000",
      "tradeId": "6055968855308289",
      "type": "match",
      "time_received": "14:00:00.3344"
    },
    {
      "makerOrderId": "6752e9cb1ed0d80007358ad8",
      "price": "0.75",
      "sequence": "6055968855963649",
      "side": "buy",
      "size": "50",
      "symbol": "PONCH-USDT",
      "takerOrderId": "67530360ff2a9e0007323e9e",
      "time": "1733493600291000000",
      "tradeId": "6055968855963649",
      "type": "match",
      "time_received": "14:00:00.3344"
    },
    {
      "makerOrderId": "6752e9cb1ed0d80007358ad8",
      "price": "0.75",
      "sequence": "6055968860944385",
      "side": "buy",
      "size": "5",
      "symbol": "PONCH-USDT",
      "takerOrderId": "67530360fd80ce0007a13ef3",
      "time": "1733493600303000000",
      "tradeId": "6055968860944385",
      "type": "match",
      "time_received": "14:00:00.3470"
    },
    {
      "makerOrderId": "6752e9cb1ed0d80007358ad8",
      "price": "0.75",
      "sequence": "6055968865269761",
      "side": "buy",
      "size": "3",
      "symbol": "PONCH-USDT",
      "takerOrderId": "67530360fd80ce0007a13f39",
      "time": "1733493600310000000",
      "tradeId": "6055968865269761",
      "type": "match",
      "time_received": "14:00:00.3546"
    },
    {
      "makerOrderId": "6752e9cb1ed0d80007358ad8",
      "price": "0.75",
      "sequence": "6055968868415489",
      "side": "buy",
      "size": "1",
      "symbol": "PONCH-USDT",
      "takerOrderId": "67530360aef36e0007c8c3b9",
      "time": "1733493600315000000",
      "tradeId": "6055968868415489",
      "type": "match",
      "time_received": "14:00:00.3547"
    },
    {
      "makerOrderId": "6752e9cb1ed0d80007358ad8",
      "price": "0.75",
      "sequence": "6055968870905857",
      "side": "buy",
      "size": "2",
      "symbol": "PONCH-USDT",
      "takerOrderId": "67530360fd80ce0007a13f2a",
      "time": "1733493600320000000",
      "tradeId": "6055968870905857",
      "type": "match",
      "time_received": "14:00:00.3643"
    },
    {
      "makerOrderId": "6752e9cb1ed0d80007358ad8",
      "price": "0.75",
      "sequence": "6055968885061633",
      "side": "buy",
      "size": "1",
      "symbol": "PONCH-USDT",
      "takerOrderId": "675303602e6b3a00075f86ee",
      "time": "1733493600351000000",
      "tradeId": "6055968885061633",
      "type": "match",
      "time_received": "14:00:00.3906"
    },
    {
      "makerOrderId": "6752e9cb1ed0d80007358ad8",
      "price": "0.75",
      "sequence": "6055968886372353",
      "side": "buy",
      "size": "1",
      "symbol": "PONCH-USDT",
      "takerOrderId": "675303603bb37e00079606c6",
      "time": "1733493600354000000",
      "tradeId": "6055968886372353",
      "type": "match",
      "time_received": "14:00:00.3988"
    },
    {
      "makerOrderId": "6752e9cb1ed0d80007358ad8",
      "price": "0.75",
      "sequence": "6055968887945217",
      "side": "buy",
      "size": "1",
      "symbol": "PONCH-USDT",
      "takerOrderId": "675303609574f300072e38b5",
      "time": "1733493600357000000",
      "tradeId": "6055968887945217",
      "type": "match",
      "time_received": "14:00:00.3989"
    },
    {
      "makerOrderId": "6752e9cb1ed0d80007358ad8",
      "price": "0.75",
      "sequence": "6055968897644545",
      "side": "buy",
      "size": "1",
      "symbol": "PONCH-USDT",
      "takerOrderId": "67530360aef36e0007c8c5a9",
      "time": "1733493600382000000",
      "tradeId": "6055968897644545",
      "type": "match",
      "time_received": "14:00:00.4267"
    },
    {
      "makerOrderId": "6752e9cb1ed0d80007358ad8",
      "price": "0.75",
      "sequence": "6055968910358529",
      "side": "buy",
      "size": "1",
      "symbol": "PONCH-USDT",
      "takerOrderId": "675303609574f300072e3978",
      "time": "1733493600408000000",
      "tradeId": "6055968910358529",
      "type": "match",
      "time_received": "14:00:00.4488"
    },
    {
      "makerOrderId": "6752e9cb1ed0d80007358ad8",
      "price": "0.75",
      "sequence": "6055968912062465",
      "side": "buy",
      "size": "1",
      "symbol": "PONCH-USDT",
      "takerOrderId": "6753036041bdfd0007bec439",
      "time": "1733493600410000000",
      "tradeId": "6055968912062465",
      "type": "match",
      "time_received": "14:00:00.4535"
    },
    {
      "makerOrderId": "6752e9cb1ed0d80007358ad8",
      "price": "0.75",
      "sequence": "6055968919926785",
      "side": "buy",
      "size": "1",
      "symbol": "PONCH-USDT",
      "takerOrderId": "6753036041bdfd0007bec47a",
      "time": "1733493600425000000",
      "tradeId": "6055968919926785",
      "type": "match",
      "time_received": "14:00:00.4696"
    },
    {
      "makerOrderId": "6752e9cb1ed0d80007358ad8",
      "price": "0.75",
      "sequence": "6055968921499649",
      "side": "buy",
      "size": "1",
      "symbol": "PONCH-USDT",
      "takerOrderId": "675303601e1c9e000771ef98",
      "time": "1733493600429000000",
      "tradeId": "6055968921499649",
      "type": "match",
      "time_received": "14:00:00.4698"
    },
    {
      "makerOrderId": "6752e9cb1ed0d80007358ad8",
      "price": "0.75",
      "sequence": "6055968952039425",
      "side": "buy",
      "size": "1",
      "symbol": "PONCH-USDT",
      "takerOrderId": "675303608338b9000763ed22",
      "time": "1733493600494000000",
      "tradeId": "6055968952039425",
      "type": "match",
      "time_received": "14:00:00.5358"
    },
    {
      "makerOrderId": "6752e9cb1ed0d80007358ad8",
      "price": "0.75",
      "sequence": "6055968952170497",
      "side": "buy",
      "size": "1",
      "symbol": "PONCH-USDT",
      "takerOrderId": "675303603bb37e00079608f6",
      "time": "1733493600494000000",
      "tradeId": "6055968952170497",
      "type": "match",
      "time_received": "14:00:00.5358"
    },
    {
      "makerOrderId": "6752e9cb1ed0d80007358ad8",
      "price": "0.75",
      "sequence": "6055968955185153",
      "side": "buy",
      "size": "1",
      "symbol": "PONCH-USDT",
      "takerOrderId": "675303601e1c9e000771f0c3",
      "time": "1733493600502000000",
      "tradeId": "6055968955185153",
      "type": "match",
      "time_received": "14:00:00.5431"
    },
    {
      "makerOrderId": "6752e9cb1ed0d80007358ad8",
      "price": "0.75",
      "sequence": "6055968955316225",
      "side": "buy",
      "size": "1",
      "symbol": "PONCH-USDT",
      "takerOrderId": "67530360e775000007384bbf",
      "time": "1733493600502000000",
      "tradeId": "6055968955316225",
      "type": "match",
      "time_received": "14:00:00.5431"
    },
    {
      "makerOrderId": "6752e9cb1ed0d80007358ad8",
      "price": "0.75",
      "sequence": "6055968956495873",
      "side": "buy",
      "size": "1",
      "symbol": "PONCH-USDT",
      "takerOrderId": "67530360ff2a9e000732427d",
      "time": "1733493600504000000",
      "tradeId": "6055968956495873",
      "type": "match",
      "time_received": "14:00:00.5477"
    },
    {
      "makerOrderId": "675300152e6b3a0007415b96",
      "price": "0.75",
      "sequence": "6055968961083393",
      "side": "buy",
      "size": "1",
      "symbol": "PONCH-USDT",
      "takerOrderId": "67530360e775000007384bf5",
      "time": "1733493600517000000",
      "tradeId": "6055968961083393",
      "type": "match",
      "time_received": "14:00:00.5616"
    },
    {
      "makerOrderId": "675300152e6b3a0007415b96",
      "price": "0.75",
      "sequence": "6055968969734145",
      "side": "buy",
      "size": "1",
      "symbol": "PONCH-USDT",
      "takerOrderId": "67530360fe36bf0007444f88",
      "time": "1733493600532000000",
      "tradeId": "6055968969734145",
      "type": "match",
      "time_received": "14:00:00.5731"
    },
    {
      "makerOrderId": "675300152e6b3a0007415b96",
      "price": "0.75",
      "sequence": "6055968970782721",
      "side": "buy",
      "size": "1",
      "symbol": "PONCH-USDT",
      "takerOrderId": "67530360fd80ce0007a14302",
      "time": "1733493600534000000",
      "tradeId": "6055968970782721",
      "type": "match",
      "time_received": "14:00:00.5785"
    },
    {
      "makerOrderId": "675300152e6b3a0007415b96",
      "price": "0.75",
      "sequence": "6055968974714881",
      "side": "buy",
      "size": "1",
      "symbol": "PONCH-USDT",
      "takerOrderId": "675303608338b9000763ee51",
      "time": "1733493600541000000",
      "tradeId": "6055968974714881",
      "type": "match",
      "time_received": "14:00:00.5847"
    },
    {
      "makerOrderId": "675300152e6b3a0007415b96",
      "price": "0.75",
      "sequence": "6055968978515969",
      "side": "buy",
      "size": "1",
      "symbol": "PONCH-USDT",
      "takerOrderId": "67530360e775000007384c2a",
      "time": "1733493600549000000",
      "tradeId": "6055968978515969",
      "type": "match",
      "time_received": "14:00:00.5902"
    },
    {
      "makerOrderId": "675300152e6b3a0007415b96",
      "price": "0.75",
      "sequence": "6055968981399553",
      "side": "buy",
      "size": "1",
      "symbol": "PONCH-USDT",
      "takerOrderId": "6753036041bdfd0007bec674",
      "time": "1733493600554000000",
      "tradeId": "6055968981399553",
      "type": "match",
      "time_received": "14:00:00.6004"
    },
    {
      "makerOrderId": "675300152e6b3a0007415b96",
      "price": "0.75",
      "sequence": "6055968982841345",
      "side": "buy",
      "size": "1",
      "symbol": "PONCH-USDT",
      "takerOrderId": "675303607cf7ff0007c1be23",
      "time": "1733493600558000000",
      "tradeId": "6055968982841345",
      "type": "match",
      "time_received": "14:00:00.6005"
    },
    {
      "makerOrderId": "675300152e6b3a0007415b96",
      "price": "0.75",
      "sequence": "6055968988608513",
      "side": "buy",
      "size": "1",
      "symbol": "PONCH-USDT",
      "takerOrderId": "675303601ed0d800071598dd",
      "time": "1733493600570000000",
      "tradeId": "6055968988608513",
      "type": "match",
      "time_received": "14:00:00.6141"
    },
    {
      "makerOrderId": "675300152e6b3a0007415b96",
      "price": "0.75",
      "sequence": "6055968993982465",
      "side": "buy",
      "size": "1",
      "symbol": "PONCH-USDT",
      "takerOrderId": "675303607cf7ff0007c1be6a",
      "time": "1733493600579000000",
      "tradeId": "6055968993982465",
      "type": "match",
      "time_received": "14:00:00.6234"
    },
    {
      "makerOrderId": "675300152e6b3a0007415b96",
      "price": "0.75",
      "sequence": "6055968994768897",
      "side": "buy",
      "size": "1",
      "symbol": "PONCH-USDT",
      "takerOrderId": "67530360aef36e0007c8c8a2",
      "time": "1733493600582000000",
      "tradeId": "6055968994768897",
      "type": "match",
      "time_received": "14:00:00.6235"
    },
    {
      "makerOrderId": "675300152e6b3a0007415b96",
      "price": "0.75",
      "sequence": "6055968995293185",
      "side": "buy",
      "size": "1",
      "symbol": "PONCH-USDT",
      "takerOrderId": "67530360716ab3000710f768",
      "time": "1733493600582000000",
      "tradeId": "6055968995293185",
      "type": "match",
      "time_received": "14:00:00.6235"
    },
    {
      "makerOrderId": "675300152e6b3a0007415b96",
      "price": "0.75",
      "sequence": "6055969002502145",
      "side": "buy",
      "size": "1",
      "symbol": "PONCH-USDT",
      "takerOrderId": "6753036041bdfd0007bec713",
      "time": "1733493600596000000",
      "tradeId": "6055969002502145",
      "type": "match",
      "time_received": "14:00:00.6423"
    },
    {
      "makerOrderId": "675300152e6b3a0007415b96",
      "price": "0.75",
      "sequence": "6055969002633217",
      "side": "buy",
      "size": "1",
      "symbol": "PONCH-USDT",
      "takerOrderId": "6753036041bdfd0007bec717",
      "time": "1733493600596000000",
      "tradeId": "6055969002633217",
      "type": "match",
      "time_received": "14:00:00.6424"
    },
    {
      "makerOrderId": "675300152e6b3a0007415b96",
      "price": "0.75",
      "sequence": "6055969010628609",
      "side": "buy",
      "size": "1",
      "symbol": "PONCH-USDT",
      "takerOrderId": "67530360e775000007384d64",
      "time": "1733493600611000000",
      "tradeId": "6055969010628609",
      "type": "match",
      "time_received": "14:00:00.6562"
    },
    {
      "makerOrderId": "675300152e6b3a0007415b96",
      "price": "0.75",
      "sequence": "6055969013643265",
      "side": "buy",
      "size": "1",
      "symbol": "PONCH-USDT",
      "takerOrderId": "67530360ecb8b20007cdddd6",
      "time": "1733493600619000000",
      "tradeId": "6055969013643265",
      "type": "match",
      "time_received": "14:00:00.6640"
    },
    {
      "makerOrderId": "675300152e6b3a0007415b96",
      "price": "0.75",
      "sequence": "6055969013774337",
      "side": "buy",
      "size": "1",
      "symbol": "PONCH-USDT",
      "takerOrderId": "675303607cf7ff0007c1bf1c",
      "time": "1733493600619000000",
      "tradeId": "6055969013774337",
      "type": "match",
      "time_received": "14:00:00.6641"
    },
    {
      "makerOrderId": "675300152e6b3a0007415b96",
      "price": "0.75",
      "sequence": "6055969014822913",
      "side": "buy",
      "size": "1",
      "symbol": "PONCH-USDT",
      "takerOrderId": "67530360ff2a9e0007324444",
      "time": "1733493600620000000",
      "tradeId": "6055969014822913",
      "type": "match",
      "time_received": "14:00:00.6641"
    },
    {
      "makerOrderId": "675300152e6b3a0007415b96",
      "price": "0.75",
      "sequence": "6055969020327937",
      "side": "buy",
      "size": "1",
      "symbol": "PONCH-USDT",
      "takerOrderId": "67530360e775000007384dbc",
      "time": "1733493600632000000",
      "tradeId": "6055969020327937",
      "type": "match",
      "time_received": "14:00:00.6759"
    },
    {
      "makerOrderId": "675300152e6b3a0007415b96",
      "price": "0.75",
      "sequence": "6055969022031873",
      "side": "buy",
      "size": "4500",
      "symbol": "PONCH-USDT",
      "takerOrderId": "67530360a398ab0007b6f123",
      "time": "1733493600636000000",
      "tradeId": "6055969022031873",
      "type": "match",
      "time_received": "14:00:00.6759"
    },
    {
      "makerOrderId": "67530015fe36bf0007262353",
      "price": "0.765",
      "sequence": "6055969022031876",
      "side": "buy",
      "size": "4494",
      "symbol": "PONCH-USDT",
      "takerOrderId": "67530360a398ab0007b6f123",
      "time": "1733493600636000000",
      "tradeId": "6055969022031876",
      "type": "match",
      "time_received": "14:00:00.6760"
    },
    {
      "makerOrderId": "67530015ff2a9e0007141c7a",
      "price": "0.78",
      "sequence": "6055969022031879",
      "side": "buy",
      "size": "306",
      "symbol": "PONCH-USDT",
      "takerOrderId": "67530360a398ab0007b6f123",
      "time": "1733493600636000000",
      "tradeId": "6055969022031879",
      "type": "match",
      "time_received": "14:00:00.6813"
    },
    {
      "makerOrderId": "67530015ff2a9e0007141c7a",
      "price": "0.78",
      "sequence": "6055969029634049",
      "side": "buy",
      "size": "3",
      "symbol": "PONCH-USDT",
      "takerOrderId": "675303601ed0d80007159a1e",
      "time": "1733493600650000000",
      "tradeId": "6055969029634049",
      "type": "match",
      "time_received": "14:00:00.6933"
    },
    {
      "makerOrderId": "67530015ff2a9e0007141c7a",
      "price": "0.78",
      "sequence": "6055969031337985",
      "side": "buy",
      "size": "1",
      "symbol": "PONCH-USDT",
      "takerOrderId": "67530360fe36bf00074451c5",
      "time": "1733493600656000000",
      "tradeId": "6055969031337985",
      "type": "match",
      "time_received": "14:00:00.7001"
    },
    {
      "makerOrderId": "67530015ff2a9e0007141c7a",
      "price": "0.78",
      "sequence": "6055969037105153",
      "side": "buy",
      "size": "1",
      "symbol": "PONCH-USDT",
      "takerOrderId": "675303603bb37e0007960bac",
      "time": "1733493600669000000",
      "tradeId": "6055969037105153",
      "type": "match",
      "time_received": "14:00:00.7107"
    },
    {
      "makerOrderId": "67530015ff2a9e0007141c7a",
      "price": "0.78",
      "sequence": "6055969038022657",
      "side": "buy",
      "size": "1",
      "symbol": "PONCH-USDT",
      "takerOrderId": "675303602e6b3a00075f8bf6",
      "time": "1733493600671000000",
      "tradeId": "6055969038022657",
      "type": "match",
      "time_received": "14:00:00.7108"
    },
    {
      "makerOrderId": "67530015ff2a9e0007141c7a",
      "price": "0.78",
      "sequence": "6055969039988737",
      "side": "buy",
      "size": "1",
      "symbol": "PONCH-USDT",
      "takerOrderId": "6753036041bdfd0007bec885",
      "time": "1733493600677000000",
      "tradeId": "6055969039988737",
      "type": "match",
      "time_received": "14:00:00.7218"
    },
    {
      "makerOrderId": "67530015ff2a9e0007141c7a",
      "price": "0.78",
      "sequence": "6055969040119809",
      "side": "buy",
      "size": "1",
      "symbol": "PONCH-USDT",
      "takerOrderId": "6753036041bdfd0007bec887",
      "time": "1733493600677000000",
      "tradeId": "6055969040119809",
      "type": "match",
      "time_received": "14:00:00.7218"
    },
    {
      "makerOrderId": "67530015ff2a9e0007141c7a",
      "price": "0.78",
      "sequence": "6055969041168385",
      "side": "buy",
      "size": "1",
      "symbol": "PONCH-USDT",
      "takerOrderId": "675303601ed0d80007159b16",
      "time": "1733493600678000000",
      "tradeId": "6055969041168385",
      "type": "match",
      "time_received": "14:00:00.7219"
    },
    {
      "makerOrderId": "67530015ff2a9e0007141c7a",
      "price": "0.78",
      "sequence": "6055969050736641",
      "side": "buy",
      "size": "1",
      "symbol": "PONCH-USDT",
      "takerOrderId": "67530360ff2a9e00073245af",
      "time": "1733493600701000000",
      "tradeId": "6055969050736641",
      "type": "match",
      "time_received": "14:00:00.7444"
    },
    {
      "makerOrderId": "67530015ff2a9e0007141c7a",
      "price": "0.78",
      "sequence": "6055969057028097",
      "side": "buy",
      "size": "1",
      "symbol": "PONCH-USDT",
      "takerOrderId": "67530360fd061e0007bf9b31",
      "time": "1733493600718000000",
      "tradeId": "6055969057028097",
      "type": "match",
      "time_received": "14:00:00.7630"
    },
    {
      "makerOrderId": "67530015ff2a9e0007141c7a",
      "price": "0.78",
      "sequence": "6055969057159169",
      "side": "buy",
      "size": "1",
      "symbol": "PONCH-USDT",
      "takerOrderId": "675303607cf7ff0007c1c0bc",
      "time": "1733493600718000000",
      "tradeId": "6055969057159169",
      "type": "match",
      "time_received": "14:00:00.7631"
    },
    {
      "makerOrderId": "67530015ff2a9e0007141c7a",
      "price": "0.78",
      "sequence": "6055969058732033",
      "side": "buy",
      "size": "1",
      "symbol": "PONCH-USDT",
      "takerOrderId": "67530360ecb8b20007cddf9e",
      "time": "1733493600721000000",
      "tradeId": "6055969058732033",
      "type": "match",
      "time_received": "14:00:00.7632"
    },
    {
      "makerOrderId": "67530015ff2a9e0007141c7a",
      "price": "0.78",
      "sequence": "6055969059518465",
      "side": "buy",
      "size": "1",
      "symbol": "PONCH-USDT",
      "takerOrderId": "6753036041bdfd0007bec94e",
      "time": "1733493600725000000",
      "tradeId": "6055969059518465",
      "type": "match",
      "time_received": "14:00:00.7686"
    },
    {
      "makerOrderId": "67530015ff2a9e0007141c7a",
      "price": "0.78",
      "sequence": "6055969059911681",
      "side": "buy",
      "size": "1",
      "symbol": "PONCH-USDT",
      "takerOrderId": "675303602e6b3a00075f8cdb",
      "time": "1733493600726000000",
      "tradeId": "6055969059911681",
      "type": "match",
      "time_received": "14:00:00.7687"
    },
    {
      "makerOrderId": "67530015ff2a9e0007141c7a",
      "price": "0.78",
      "sequence": "6055969060042753",
      "side": "buy",
      "size": "1",
      "symbol": "PONCH-USDT",
      "takerOrderId": "675303602e6b3a00075f8cdf",
      "time": "1733493600726000000",
      "tradeId": "6055969060042753",
      "type": "match",
      "time_received": "14:00:00.7688"
    },
    {
      "makerOrderId": "67530015ff2a9e0007141c7a",
      "price": "0.78",
      "sequence": "6055969064630273",
      "side": "buy",
      "size": "1",
      "symbol": "PONCH-USDT",
      "takerOrderId": "67530360fe36bf0007445320",
      "time": "1733493600735000000",
      "tradeId": "6055969064630273",
      "type": "match",
      "time_received": "14:00:00.7795"
    },
    {
      "makerOrderId": "67530015ff2a9e0007141c7a",
      "price": "0.78",
      "sequence": "6055969064761345",
      "side": "buy",
      "size": "1",
      "symbol": "PONCH-USDT",
      "takerOrderId": "67530360ff2a9e0007324646",
      "time": "1733493600735000000",
      "tradeId": "6055969064761345",
      "type": "match",
      "time_received": "14:00:00.7798"
    },
    {
      "makerOrderId": "67530015ff2a9e0007141c7a",
      "price": "0.78",
      "sequence": "6055969066596353",
      "side": "buy",
      "size": "1",
      "symbol": "PONCH-USDT",
      "takerOrderId": "675303607cf7ff0007c1c0b5",
      "time": "1733493600737000000",
      "tradeId": "6055969066596353",
      "type": "match",
      "time_received": "14:00:00.7798"
    },
    {
      "makerOrderId": "67530015ff2a9e0007141c7a",
      "price": "0.78",
      "sequence": "6055969068824577",
      "side": "buy",
      "size": "1",
      "symbol": "PONCH-USDT",
      "takerOrderId": "67530360ecb8b20007cddff6",
      "time": "1733493600742000000",
      "tradeId": "6055969068824577",
      "type": "match",
      "time_received": "14:00:00.7866"
    },
    {
      "makerOrderId": "67530360ecb8b20007cdd605",
      "price": "0.736",
      "sequence": "6055969068955649",
      "side": "sell",
      "size": "1",
      "symbol": "PONCH-USDT",
      "takerOrderId": "67530360fe36bf0007445334",
      "time": "1733493600744000000",
      "tradeId": "6055969068955649",
      "type": "match",
      "time_received": "14:00:00.7867"
    },
    {
      "makerOrderId": "67530360fe36bf0007444ef6",
      "price": "0.7",
      "sequence": "6055969069086721",
      "side": "sell",
      "size": "1",
      "symbol": "PONCH-USDT",
      "takerOrderId": "67530360716ab3000710fa3a",
      "time": "1733493600744000000",
      "tradeId": "6055969069086721",
      "type": "match",
      "time_received": "14:00:00.7867"
    },
    {
      "makerOrderId": "67530015ff2a9e0007141c7a",
      "price": "0.78",
      "sequence": "6055969071970305",
      "side": "buy",
      "size": "1",
      "symbol": "PONCH-USDT",
      "takerOrderId": "675303603ecf43000782b58d",
      "time": "1733493600749000000",
      "tradeId": "6055969071970305",
      "type": "match",
      "time_received": "14:00:00.7943"
    },
    {
      "makerOrderId": "67530015ff2a9e0007141c7a",
      "price": "0.78",
      "sequence": "6055969073281025",
      "side": "buy",
      "size": "1",
      "symbol": "PONCH-USDT",
      "takerOrderId": "675303608338b9000763f1aa",
      "time": "1733493600752000000",
      "tradeId": "6055969073281025",
      "type": "match",
      "time_received": "14:00:00.7943"
    },
    {
      "makerOrderId": "67530360fe36bf0007444ef6",
      "price": "0.7",
      "sequence": "6055969074984961",
      "side": "sell",
      "size": "1",
      "symbol": "PONCH-USDT",
      "takerOrderId": "675303609574f300072e3ee8",
      "time": "1733493600759000000",
      "tradeId": "6055969074984961",
      "type": "match",
      "time_received": "14:00:00.8066"
    },
    {
      "makerOrderId": "67530015ff2a9e0007141c7a",
      "price": "0.78",
      "sequence": "6055969079441409",
      "side": "buy",
      "size": "1",
      "symbol": "PONCH-USDT",
      "takerOrderId": "67530360aef36e0007c8cbc2",
      "time": "1733493600770000000",
      "tradeId": "6055969079441409",
      "type": "match",
      "time_received": "14:00:00.8152"
    },
    {
      "makerOrderId": "67530015ff2a9e0007141c7a",
      "price": "0.78",
      "sequence": "6055969090713601",
      "side": "buy",
      "size": "1",
      "symbol": "PONCH-USDT",
      "takerOrderId": "67530360fe36bf00074453ff",
      "time": "1733493600792000000",
      "tradeId": "6055969090713601",
      "type": "match",
      "time_received": "14:00:00.8350"
    },
    {
      "makerOrderId": "67530015ff2a9e0007141c7a",
      "price": "0.78",
      "sequence": "6055969094776833",
      "side": "buy",
      "size": "1",
      "symbol": "PONCH-USDT",
      "takerOrderId": "67530360f517900007fb59ce",
      "time": "1733493600806000000",
      "tradeId": "6055969094776833",
      "type": "match",
      "time_received": "14:00:00.8528"
    },
    {
      "makerOrderId": "67530015ff2a9e0007141c7a",
      "price": "0.78",
      "sequence": "6055969095038977",
      "side": "buy",
      "size": "1",
      "symbol": "PONCH-USDT",
      "takerOrderId": "67530360e7750000073850b4",
      "time": "1733493600807000000",
      "tradeId": "6055969095038977",
      "type": "match",
      "time_received": "14:00:00.8529"
    },
    {
      "makerOrderId": "67530015ff2a9e0007141c7a",
      "price": "0.78",
      "sequence": "6055969098053633",
      "side": "buy",
      "size": "1",
      "symbol": "PONCH-USDT",
      "takerOrderId": "67530360aef36e0007c8cc92",
      "time": "1733493600815000000",
      "tradeId": "6055969098053633",
      "type": "match",
      "time_received": "14:00:00.8603"
    },
    {
      "makerOrderId": "67530015ff2a9e0007141c7a",
      "price": "0.78",
      "sequence": "6055969099888641",
      "side": "buy",
      "size": "1",
      "symbol": "PONCH-USDT",
      "takerOrderId": "67530360f517900007fb5a0d",
      "time": "1733493600822000000",
      "tradeId": "6055969099888641",
      "type": "match",
      "time_received": "14:00:00.8644"
    },
    {
      "makerOrderId": "67530015ff2a9e0007141c7a",
      "price": "0.78",
      "sequence": "6055969100150785",
      "side": "buy",
      "size": "1",
      "symbol": "PONCH-USDT",
      "takerOrderId": "675303608338b9000763f2eb",
      "time": "1733493600825000000",
      "tradeId": "6055969100150785",
      "type": "match",
      "time_received": "14:00:00.8644"
    },
    {
      "makerOrderId": "67530015ff2a9e0007141c7a",
      "price": "0.78",
      "sequence": "6055969110374401",
      "side": "buy",
      "size": "1",
      "symbol": "PONCH-USDT",
      "takerOrderId": "67530360f517900007fb5af5",
      "time": "1733493600852000000",
      "tradeId": "6055969110374401",
      "type": "match",
      "time_received": "14:00:00.8974"
    },
    {
      "makerOrderId": "67530015ff2a9e0007141c7a",
      "price": "0.78",
      "sequence": "6055969114175489",
      "side": "buy",
      "size": "1",
      "symbol": "PONCH-USDT",
      "takerOrderId": "67530360716ab3000710fc28",
      "time": "1733493600862000000",
      "tradeId": "6055969114175489",
      "type": "match",
      "time_received": "14:00:00.9072"
    },
    {
      "makerOrderId": "67530015ff2a9e0007141c7a",
      "price": "0.78",
      "sequence": "6055969115617281",
      "side": "buy",
      "size": "1",
      "symbol": "PONCH-USDT",
      "takerOrderId": "67530360f517900007fb5b37",
      "time": "1733493600869000000",
      "tradeId": "6055969115617281",
      "type": "match",
      "time_received": "14:00:00.9140"
    },
    {
      "makerOrderId": "67530015ff2a9e0007141c7a",
      "price": "0.78",
      "sequence": "6055969119025153",
      "side": "buy",
      "size": "1",
      "symbol": "PONCH-USDT",
      "takerOrderId": "67530360e7750000073851d7",
      "time": "1733493600875000000",
      "tradeId": "6055969119025153",
      "type": "match",
      "time_received": "14:00:00.9195"
    },
    {
      "makerOrderId": "67530015ff2a9e0007141c7a",
      "price": "0.78",
      "sequence": "6055969151924225",
      "side": "buy",
      "size": "1",
      "symbol": "PONCH-USDT",
      "takerOrderId": "67530360a398ab0007b6f5d7",
      "time": "1733493600894000000",
      "tradeId": "6055969151924225",
      "type": "match",
      "time_received": "14:00:00.9365"
    },
    {
      "makerOrderId": "67530015ff2a9e0007141c7a",
      "price": "0.78",
      "sequence": "6055969158477825",
      "side": "buy",
      "size": "1",
      "symbol": "PONCH-USDT",
      "takerOrderId": "675303602e6b3a00075f9008",
      "time": "1733493600910000000",
      "tradeId": "6055969158477825",
      "type": "match",
      "time_received": "14:00:00.9560"
    },
    {
      "makerOrderId": "67530015ff2a9e0007141c7a",
      "price": "0.78",
      "sequence": "6055969158739969",
      "side": "buy",
      "size": "1",
      "symbol": "PONCH-USDT",
      "takerOrderId": "67530360fd80ce0007a14984",
      "time": "1733493600910000000",
      "tradeId": "6055969158739969",
      "type": "match",
      "time_received": "14:00:00.9560"
    },
    {
      "makerOrderId": "67530015ff2a9e0007141c7a",
      "price": "0.78",
      "sequence": "6055969163327489",
      "side": "buy",
      "size": "1",
      "symbol": "PONCH-USDT",
      "takerOrderId": "67530360ecb8b20007cde2f3",
      "time": "1733493600921000000",
      "tradeId": "6055969163327489",
      "type": "match",
      "time_received": "14:00:00.9664"
    },
    {
      "makerOrderId": "67530015ff2a9e0007141c7a",
      "price": "0.78",
      "sequence": "6055969163589633",
      "side": "buy",
      "size": "1",
      "symbol": "PONCH-USDT",
      "takerOrderId": "675303608338b9000763f489",
      "time": "1733493600921000000",
      "tradeId": "6055969163589633",
      "type": "match",
      "time_received": "14:00:00.9665"
    },
    {
      "makerOrderId": "67530015ff2a9e0007141c7a",
      "price": "0.78",
      "sequence": "6055969167783937",
      "side": "buy",
      "size": "11.14",
      "symbol": "PONCH-USDT",
      "takerOrderId": "675303609574f300072e418e",
      "time": "1733493600933000000",
      "tradeId": "6055969167783937",
      "type": "match",
      "time_received": "14:00:00.9781"
    },
    {
      "makerOrderId": "67530015ff2a9e0007141c7a",
      "price": "0.78",
      "sequence": "6055969171453953",
      "side": "buy",
      "size": "10",
      "symbol": "PONCH-USDT",
      "takerOrderId": "67530360f517900007fb5c0c",
      "time": "1733493600939000000",
      "tradeId": "6055969171453953",
      "type": "match",
      "time_received": "14:00:00.9836"
    },
    {
      "makerOrderId": "67530015ff2a9e0007141c7a",
      "price": "0.78",
      "sequence": "6055969180891137",
      "side": "buy",
      "size": "1",
      "symbol": "PONCH-USDT",
      "takerOrderId": "675303603ecf43000782b915",
      "time": "1733493600952000000",
      "tradeId": "6055969180891137",
      "type": "match",
      "time_received": "14:00:01.0000"
    },
    {
      "makerOrderId": "67530015ff2a9e0007141c7a",
      "price": "0.78",
      "sequence": "6055969181022209",
      "side": "buy",
      "size": "1",
      "symbol": "PONCH-USDT",
      "takerOrderId": "67530360fd061e0007bf9f1b",
      "time": "1733493600952000000",
      "tradeId": "6055969181022209",
      "type": "match",
      "time_received": "14:00:01.0001"
    },
    {
      "makerOrderId": "67530015ff2a9e0007141c7a",
      "price": "0.78",
      "sequence": "6055969188100097",
      "side": "buy",
      "size": "1",
      "symbol": "PONCH-USDT",
      "takerOrderId": "67530360a398ab0007b6f6eb",
      "time": "1733493600962000000",
      "tradeId": "6055969188100097",
      "type": "match",
      "time_received": "14:00:01.0098"
    },
    {
      "makerOrderId": "67530015ff2a9e0007141c7a",
      "price": "0.78",
      "sequence": "6055969190328321",
      "side": "buy",
      "size": "114.47",
      "symbol": "PONCH-USDT",
      "takerOrderId": "67530360a398ab0007b6f6a8",
      "time": "1733493600964000000",
      "tradeId": "6055969190328321",
      "type": "match",
      "time_received": "14:00:01.0099"
    },
    {
      "makerOrderId": "67530015ff2a9e0007141c7a",
      "price": "0.78",
      "sequence": "6055969204090881",
      "side": "buy",
      "size": "1",
      "symbol": "PONCH-USDT",
      "takerOrderId": "675303601ed0d8000715a029",
      "time": "1733493600980000000",
      "tradeId": "6055969204090881",
      "type": "match",
      "time_received": "14:00:01.0212"
    },
    {
      "makerOrderId": "67530015ff2a9e0007141c7a",
      "price": "0.78",
      "sequence": "6055969206056961",
      "side": "buy",
      "size": "1",
      "symbol": "PONCH-USDT",
      "takerOrderId": "67530360aef36e0007c8cfb4",
      "time": "1733493600983000000",
      "tradeId": "6055969206056961",
      "type": "match",
      "time_received": "14:00:01.0266"
    },
    {
      "makerOrderId": "67530015ff2a9e0007141c7a",
      "price": "0.78",
      "sequence": "6055969210513409",
      "side": "buy",
      "size": "1",
      "symbol": "PONCH-USDT",
      "takerOrderId": "67530360e7750000073853d3",
      "time": "1733493600988000000",
      "tradeId": "6055969210513409",
      "type": "match",
      "time_received": "14:00:01.0362"
    },
    {
      "makerOrderId": "67530015ff2a9e0007141c7a",
      "price": "0.78",
      "sequence": "6055969225979905",
      "side": "buy",
      "size": "1",
      "symbol": "PONCH-USDT",
      "takerOrderId": "67530361ff2a9e0007324ad7",
      "time": "1733493601006000000",
      "tradeId": "6055969225979905",
      "type": "match",
      "time_received": "14:00:01.0487"
    },
    {
      "makerOrderId": "67530015ff2a9e0007141c7a",
      "price": "0.78",
      "sequence": "6055969238038529",
      "side": "buy",
      "size": "1",
      "symbol": "PONCH-USDT",
      "takerOrderId": "67530361fe36bf000744580c",
      "time": "1733493601022000000",
      "tradeId": "6055969238038529",
      "type": "match",
      "time_received": "14:00:01.0661"
    },
    {
      "makerOrderId": "67530015ff2a9e0007141c7a",
      "price": "0.78",
      "sequence": "6055969250097153",
      "side": "buy",
      "size": "1",
      "symbol": "PONCH-USDT",
      "takerOrderId": "675303619574f300072e43ef",
      "time": "1733493601043000000",
      "tradeId": "6055969250097153",
      "type": "match",
      "time_received": "14:00:01.0886"
    },
    {
      "makerOrderId": "67530361fd80ce0007a14be3",
      "price": "0.7447",
      "sequence": "6055969250228225",
      "side": "sell",
      "size": "1",
      "symbol": "PONCH-USDT",
      "takerOrderId": "67530361f517900007fb5e6a",
      "time": "1733493601043000000",
      "tradeId": "6055969250228225",
      "type": "match",
      "time_received": "14:00:01.0887"
    },
    {
      "makerOrderId": "67530360716ab3000710fe45",
      "price": "0.7098",
      "sequence": "6055969256126465",
      "side": "sell",
      "size": "1",
      "symbol": "PONCH-USDT",
      "takerOrderId": "675303613ecf43000782bb00",
      "time": "1733493601048000000",
      "tradeId": "6055969256126465",
      "type": "match",
      "time_received": "14:00:01.0933"
    },
    {
      "makerOrderId": "67530015ff2a9e0007141c7a",
      "price": "0.78",
      "sequence": "6055969259796481",
      "side": "buy",
      "size": "1",
      "symbol": "PONCH-USDT",
      "takerOrderId": "675303618338b9000763f708",
      "time": "1733493601052000000",
      "tradeId": "6055969259796481",
      "type": "match",
      "time_received": "14:00:01.0934"
    },
    {
      "makerOrderId": "67530015ff2a9e0007141c7a",
      "price": "0.78",
      "sequence": "6055969262024705",
      "side": "buy",
      "size": "1",
      "symbol": "PONCH-USDT",
      "takerOrderId": "6753036141bdfd0007becf0e",
      "time": "1733493601056000000",
      "tradeId": "6055969262024705",
      "type": "match",
      "time_received": "14:00:01.1019"
    },
    {
      "makerOrderId": "67530015ff2a9e0007141c7a",
      "price": "0.78",
      "sequence": "6055969263728641",
      "side": "buy",
      "size": "1",
      "symbol": "PONCH-USDT",
      "takerOrderId": "675303619574f300072e442b",
      "time": "1733493601057000000",
      "tradeId": "6055969263728641",
      "type": "match",
      "time_received": "14:00:01.1020"
    },
    {
      "makerOrderId": "67530360aef36e0007c8cf04",
      "price": "0.7001",
      "sequence": "6055969267398657",
      "side": "sell",
      "size": "1",
      "symbol": "PONCH-USDT",
      "takerOrderId": "67530361ff2a9e0007324bdb",
      "time": "1733493601062000000",
      "tradeId": "6055969267398657",
      "type": "match",
      "time_received": "14:00:01.1050"
    },
    {
      "makerOrderId": "67530015ff2a9e0007141c7a",
      "price": "0.78",
      "sequence": "6055969272510465",
      "side": "buy",
      "size": "1",
      "symbol": "PONCH-USDT",
      "takerOrderId": "6753036141bdfd0007becf44",
      "time": "1733493601068000000",
      "tradeId": "6055969272510465",
      "type": "match",
      "time_received": "14:00:01.1132"
    },
    {
      "makerOrderId": "67530015ff2a9e0007141c7a",
      "price": "0.78",
      "sequence": "6055969277622273",
      "side": "buy",
      "size": "1",
      "symbol": "PONCH-USDT",
      "takerOrderId": "6753036141bdfd0007becf6b",
      "time": "1733493601074000000",
      "tradeId": "6055969277622273",
      "type": "match",
      "time_received": "14:00:01.1187"
    },
    {
      "makerOrderId": "67530015ff2a9e0007141c7a",
      "price": "0.78",
      "sequence": "6055969285224449",
      "side": "buy",
      "size": "1",
      "symbol": "PONCH-USDT",
      "takerOrderId": "67530361fe36bf0007445919",
      "time": "1733493601081000000",
      "tradeId": "6055969285224449",
      "type": "match",
      "time_received": "14:00:01.1287"
    },
    {
      "makerOrderId": "67530015ff2a9e0007141c7a",
      "price": "0.78",
      "sequence": "6055969288108033",
      "side": "buy",
      "size": "1",
      "symbol": "PONCH-USDT",
      "takerOrderId": "6753036141bdfd0007becf8b",
      "time": "1733493601082000000",
      "tradeId": "6055969288108033",
      "type": "match",
      "time_received": "14:00:01.1288"
    },
    {
      "makerOrderId": "67530015ff2a9e0007141c7a",
      "price": "0.78",
      "sequence": "6055969293744131",
      "side": "buy",
      "size": "1",
      "symbol": "PONCH-USDT",
      "takerOrderId": "675303611ed0d8000715a23f",
      "time": "1733493601089000000",
      "tradeId": "6055969293744131",
      "type": "match",
      "time_received": "14:00:01.1325"
    },
    {
      "makerOrderId": "67530015ff2a9e0007141c7a",
      "price": "0.78",
      "sequence": "6055969295448065",
      "side": "buy",
      "size": "1",
      "symbol": "PONCH-USDT",
      "takerOrderId": "67530361a398ab0007b6f94c",
      "time": "1733493601091000000",
      "tradeId": "6055969295448065",
      "type": "match",
      "time_received": "14:00:01.1326"
    },
    {
      "makerOrderId": "67530015ff2a9e0007141c7a",
      "price": "0.78",
      "sequence": "6055969298593793",
      "side": "buy",
      "size": "1",
      "symbol": "PONCH-USDT",
      "takerOrderId": "675303618338b9000763f7b7",
      "time": "1733493601094000000",
      "tradeId": "6055969298593793",
      "type": "match",
      "time_received": "14:00:01.1397"
    },
    {
      "makerOrderId": "67530015ff2a9e0007141c7a",
      "price": "0.78",
      "sequence": "6055969304492033",
      "side": "buy",
      "size": "1",
      "symbol": "PONCH-USDT",
      "takerOrderId": "67530361a398ab0007b6f981",
      "time": "1733493601103000000",
      "tradeId": "6055969304492033",
      "type": "match",
      "time_received": "14:00:01.1659"
    },
    {
      "makerOrderId": "67530015ff2a9e0007141c7a",
      "price": "0.78",
      "sequence": "6055969319958529",
      "side": "buy",
      "size": "1",
      "symbol": "PONCH-USDT",
      "takerOrderId": "67530361b1d2ab0007aabf01",
      "time": "1733493601132000000",
      "tradeId": "6055969319958529",
      "type": "match",
      "time_received": "14:00:01.2331"
    },
    {
      "makerOrderId": "67530015ff2a9e0007141c7a",
      "price": "0.78",
      "sequence": "6055969335031811",
      "side": "buy",
      "size": "1",
      "symbol": "PONCH-USDT",
      "takerOrderId": "67530361aef36e0007c8d26f",
      "time": "1733493601151000000",
      "tradeId": "6055969335031811",
      "type": "match",
      "time_received": "14:00:01.2382"
    },
    {
      "makerOrderId": "67530015ff2a9e0007141c7a",
      "price": "0.78",
      "sequence": "6055969339095041",
      "side": "buy",
      "size": "1",
      "symbol": "PONCH-USDT",
      "takerOrderId": "675303612e6b3a00075f9444",
      "time": "1733493601157000000",
      "tradeId": "6055969339095041",
      "type": "match",
      "time_received": "14:00:01.2383"
    },
    {
      "makerOrderId": "67530015ff2a9e0007141c7a",
      "price": "0.78",
      "sequence": "6055969346828289",
      "side": "buy",
      "size": "1",
      "symbol": "PONCH-USDT",
      "takerOrderId": "67530361716ab30007110167",
      "time": "1733493601171000000",
      "tradeId": "6055969346828289",
      "type": "match",
      "time_received": "14:00:01.2384"
    },
    {
      "makerOrderId": "67530015ff2a9e0007141c7a",
      "price": "0.78",
      "sequence": "6055969348401153",
      "side": "buy",
      "size": "1",
      "symbol": "PONCH-USDT",
      "takerOrderId": "675303611ed0d8000715a35d",
      "time": "1733493601174000000",
      "tradeId": "6055969348401153",
      "type": "match",
      "time_received": "14:00:01.2384"
    },
    {
      "makerOrderId": "67530015ff2a9e0007141c7a",
      "price": "0.78",
      "sequence": "6055969357182977",
      "side": "buy",
      "size": "1",
      "symbol": "PONCH-USDT",
      "takerOrderId": "67530361ecb8b20007cde782",
      "time": "1733493601193000000",
      "tradeId": "6055969357182977",
      "type": "match",
      "time_received": "14:00:01.2481"
    },
    {
      "makerOrderId": "67530015ff2a9e0007141c7a",
      "price": "0.78",
      "sequence": "6055969364916225",
      "side": "buy",
      "size": "1",
      "symbol": "PONCH-USDT",
      "takerOrderId": "675303618338b9000763f90b",
      "time": "1733493601209000000",
      "tradeId": "6055969364916225",
      "type": "match",
      "time_received": "14:00:01.2529"
    },
    {
      "makerOrderId": "67530015ff2a9e0007141c7a",
      "price": "0.78",
      "sequence": "6055969376450563",
      "side": "buy",
      "size": "1",
      "symbol": "PONCH-USDT",
      "takerOrderId": "67530361f517900007fb60ea",
      "time": "1733493601241000000",
      "tradeId": "6055969376450563",
      "type": "match",
      "time_received": "14:00:01.2830"
    },
    {
      "makerOrderId": "67530015ff2a9e0007141c7a",
      "price": "0.78",
      "sequence": "6055969382479873",
      "side": "buy",
      "size": "1",
      "symbol": "PONCH-USDT",
      "takerOrderId": "675303611e1c9e000771fc98",
      "time": "1733493601256000000",
      "tradeId": "6055969382479873",
      "type": "match",
      "time_received": "14:00:01.2977"
    },
    {
      "makerOrderId": "67530015ff2a9e0007141c7a",
      "price": "0.78",
      "sequence": "6055969382610945",
      "side": "buy",
      "size": "1",
      "symbol": "PONCH-USDT",
      "takerOrderId": "67530361a398ab0007b6fb38",
      "time": "1733493601256000000",
      "tradeId": "6055969382610945",
      "type": "match",
      "time_received": "14:00:01.2978"
    },
    {
      "makerOrderId": "67530015ff2a9e0007141c7a",
      "price": "0.78",
      "sequence": "6055969383790595",
      "side": "buy",
      "size": "1",
      "symbol": "PONCH-USDT",
      "takerOrderId": "675303617cf7ff0007c1c944",
      "time": "1733493601259000000",
      "tradeId": "6055969383790595",
      "type": "match",
      "time_received": "14:00:01.3039"
    },
    {
      "makerOrderId": "67530015ff2a9e0007141c7a",
      "price": "0.78",
      "sequence": "6055969390213125",
      "side": "buy",
      "size": "1",
      "symbol": "PONCH-USDT",
      "takerOrderId": "67530361fe36bf0007445b52",
      "time": "1733493601276000000",
      "tradeId": "6055969390213125",
      "type": "match",
      "time_received": "14:00:01.3274"
    },
    {
      "makerOrderId": "67530015ff2a9e0007141c7a",
      "price": "0.78",
      "sequence": "6055969398077441",
      "side": "buy",
      "size": "1",
      "symbol": "PONCH-USDT",
      "takerOrderId": "67530361fe36bf0007445b76",
      "time": "1733493601292000000",
      "tradeId": "6055969398077441",
      "type": "match",
      "time_received": "14:00:01.3345"
    },
    {
      "makerOrderId": "67530015ff2a9e0007141c7a",
      "price": "0.78",
      "sequence": "6055969410004993",
      "side": "buy",
      "size": "1",
      "symbol": "PONCH-USDT",
      "takerOrderId": "67530361b1d2ab0007aac0f9",
      "time": "1733493601319000000",
      "tradeId": "6055969410004993",
      "type": "match",
      "time_received": "14:00:01.3636"
    },
    {
      "makerOrderId": "67530361fd061e0007bfa29d",
      "price": "0.7583",
      "sequence": "6055969417476097",
      "side": "sell",
      "size": "1",
      "symbol": "PONCH-USDT",
      "takerOrderId": "675303612e6b3a00075f9602",
      "time": "1733493601334000000",
      "tradeId": "6055969417476097",
      "type": "match",
      "time_received": "14:00:01.3808"
    },
    {
      "makerOrderId": "67530361fd061e0007bfa1ee",
      "price": "0.7118",
      "sequence": "6055969420359683",
      "side": "sell",
      "size": "1",
      "symbol": "PONCH-USDT",
      "takerOrderId": "675303611e1c9e000771fd3c",
      "time": "1733493601339000000",
      "tradeId": "6055969420359683",
      "type": "match",
      "time_received": "14:00:01.3809"
    },
    {
      "makerOrderId": "67530015ff2a9e0007141c7a",
      "price": "0.78",
      "sequence": "6055969420752897",
      "side": "buy",
      "size": "1",
      "symbol": "PONCH-USDT",
      "takerOrderId": "67530361e775000007385849",
      "time": "1733493601340000000",
      "tradeId": "6055969420752897",
      "type": "match",
      "time_received": "14:00:01.3810"
    },
    {
      "makerOrderId": "67530015ff2a9e0007141c7a",
      "price": "0.78",
      "sequence": "6055969426651137",
      "side": "buy",
      "size": "1",
      "symbol": "PONCH-USDT",
      "takerOrderId": "67530361ff2a9e0007324f35",
      "time": "1733493601349000000",
      "tradeId": "6055969426651137",
      "type": "match",
      "time_received": "14:00:01.3957"
    },
    {
      "makerOrderId": "67530015ff2a9e0007141c7a",
      "price": "0.78",
      "sequence": "6055969432811521",
      "side": "buy",
      "size": "1",
      "symbol": "PONCH-USDT",
      "takerOrderId": "67530361716ab30007110342",
      "time": "1733493601371000000",
      "tradeId": "6055969432811521",
      "type": "match",
      "time_received": "14:00:01.4120"
    },
    {
      "makerOrderId": "67530015ff2a9e0007141c7a",
      "price": "0.78",
      "sequence": "6055969447229441",
      "side": "buy",
      "size": "1",
      "symbol": "PONCH-USDT",
      "takerOrderId": "67530361ecb8b20007cde929",
      "time": "1733493601385000000",
      "tradeId": "6055969447229441",
      "type": "match",
      "time_received": "14:00:01.4473"
    },
    {
      "makerOrderId": "67530015ff2a9e0007141c7a",
      "price": "0.78",
      "sequence": "6055969449719811",
      "side": "buy",
      "size": "1",
      "symbol": "PONCH-USDT",
      "takerOrderId": "675303611e1c9e000771fdb0",
      "time": "1733493601392000000",
      "tradeId": "6055969449719811",
      "type": "match",
      "time_received": "14:00:01.4473"
    },
    {
      "makerOrderId": "67530361fd061e0007bfa1ee",
      "price": "0.7118",
      "sequence": "6055969451292673",
      "side": "sell",
      "size": "1",
      "symbol": "PONCH-USDT",
      "takerOrderId": "675303611ed0d8000715a579",
      "time": "1733493601396000000",
      "tradeId": "6055969451292673",
      "type": "match",
      "time_received": "14:00:01.4474"
    },
    {
      "makerOrderId": "67530015ff2a9e0007141c7a",
      "price": "0.78",
      "sequence": "6055969454700545",
      "side": "buy",
      "size": "1",
      "symbol": "PONCH-USDT",
      "takerOrderId": "67530361fd061e0007bfa520",
      "time": "1733493601409000000",
      "tradeId": "6055969454700545",
      "type": "match",
      "time_received": "14:00:01.4824"
    },
    {
      "makerOrderId": "67530015ff2a9e0007141c7a",
      "price": "0.78",
      "sequence": "6055969457059841",
      "side": "buy",
      "size": "1",
      "symbol": "PONCH-USDT",
      "takerOrderId": "67530361e7750000073858d5",
      "time": "1733493601412000000",
      "tradeId": "6055969457059841",
      "type": "match",
      "time_received": "14:00:01.4825"
    },
    {
      "makerOrderId": "67530015ff2a9e0007141c7a",
      "price": "0.78",
      "sequence": "6055969458239489",
      "side": "buy",
      "size": "1",
      "symbol": "PONCH-USDT",
      "takerOrderId": "67530361f517900007fb6249",
      "time": "1733493601415000000",
      "tradeId": "6055969458239489",
      "type": "match",
      "time_received": "14:00:01.4825"
    },
    {
      "makerOrderId": "67530015ff2a9e0007141c7a",
      "price": "0.78",
      "sequence": "6055969468200961",
      "side": "buy",
      "size": "1",
      "symbol": "PONCH-USDT",
      "takerOrderId": "675303617cf7ff0007c1cabb",
      "time": "1733493601433000000",
      "tradeId": "6055969468200961",
      "type": "match",
      "time_received": "14:00:01.4826"
    },
    {
      "makerOrderId": "67530015ff2a9e0007141c7a",
      "price": "0.78",
      "sequence": "6055969470822401",
      "side": "buy",
      "size": "1",
      "symbol": "PONCH-USDT",
      "takerOrderId": "675303613ecf43000782bf06",
      "time": "1733493601439000000",
      "tradeId": "6055969470822401",
      "type": "match",
      "time_received": "14:00:01.4925"
    },
    {
      "makerOrderId": "67530015ff2a9e0007141c7a",
      "price": "0.78",
      "sequence": "6055969477507075",
      "side": "buy",
      "size": "1",
      "symbol": "PONCH-USDT",
      "takerOrderId": "67530361ff2a9e0007324ffa",
      "time": "1733493601452000000",
      "tradeId": "6055969477507075",
      "type": "match",
      "time_received": "14:00:01.4937"
    },
    {
      "makerOrderId": "67530015ff2a9e0007141c7a",
      "price": "0.78",
      "sequence": "6055969478031361",
      "side": "buy",
      "size": "1",
      "symbol": "PONCH-USDT",
      "takerOrderId": "67530361e77500000738591b",
      "time": "1733493601453000000",
      "tradeId": "6055969478031361",
      "type": "match",
      "time_received": "14:00:01.4981"
    },
    {
      "makerOrderId": "67530015ff2a9e0007141c7a",
      "price": "0.78",
      "sequence": "6055969483536385",
      "side": "buy",
      "size": "1",
      "symbol": "PONCH-USDT",
      "takerOrderId": "67530361fe36bf0007445cbb",
      "time": "1733493601465000000",
      "tradeId": "6055969483536385",
      "type": "match",
      "time_received": "14:00:01.5060"
    },
    {
      "makerOrderId": "67530015ff2a9e0007141c7a",
      "price": "0.78",
      "sequence": "6055969491924993",
      "side": "buy",
      "size": "1",
      "symbol": "PONCH-USDT",
      "takerOrderId": "675303613ecf43000782bf52",
      "time": "1733493601483000000",
      "tradeId": "6055969491924993",
      "type": "match",
      "time_received": "14:00:01.5281"
    },
    {
      "makerOrderId": "67530015ff2a9e0007141c7a",
      "price": "0.78",
      "sequence": "6055969493235713",
      "side": "buy",
      "size": "1",
      "symbol": "PONCH-USDT",
      "takerOrderId": "675303611ed0d8000715a61e",
      "time": "1733493601485000000",
      "tradeId": "6055969493235713",
      "type": "match",
      "time_received": "14:00:01.5282"
    },
    {
      "makerOrderId": "67530015ff2a9e0007141c7a",
      "price": "0.78",
      "sequence": "6055969510012931",
      "side": "buy",
      "size": "1",
      "symbol": "PONCH-USDT",
      "takerOrderId": "675303612e6b3a00075f9777",
      "time": "1733493601525000000",
      "tradeId": "6055969510012931",
      "type": "match",
      "time_received": "14:00:01.5699"
    },
    {
      "makerOrderId": "67530015ff2a9e0007141c7a",
      "price": "0.78",
      "sequence": "6055969514076161",
      "side": "buy",
      "size": "1",
      "symbol": "PONCH-USDT",
      "takerOrderId": "67530361e7750000073859b8",
      "time": "1733493601533000000",
      "tradeId": "6055969514076161",
      "type": "match",
      "time_received": "14:00:01.5816"
    },
    {
      "makerOrderId": "67530015ff2a9e0007141c7a",
      "price": "0.78",
      "sequence": "6055969519581185",
      "side": "buy",
      "size": "1",
      "symbol": "PONCH-USDT",
      "takerOrderId": "67530361716ab3000711047f",
      "time": "1733493601543000000",
      "tradeId": "6055969519581185",
      "type": "match",
      "time_received": "14:00:01.5860"
    },
    {
      "makerOrderId": "67530015ff2a9e0007141c7a",
      "price": "0.78",
      "sequence": "6055969522464769",
      "side": "buy",
      "size": "1",
      "symbol": "PONCH-USDT",
      "takerOrderId": "67530361fe36bf0007445d4e",
      "time": "1733493601550000000",
      "tradeId": "6055969522464769",
      "type": "match",
      "time_received": "14:00:01.5930"
    },
    {
      "makerOrderId": "67530015ff2a9e0007141c7a",
      "price": "0.78",
      "sequence": "6055969556805633",
      "side": "buy",
      "size": "1",
      "symbol": "PONCH-USDT",
      "takerOrderId": "6753036141bdfd0007bed4bc",
      "time": "1733493601645000000",
      "tradeId": "6055969556805633",
      "type": "match",
      "time_received": "14:00:01.7045"
    },
    {
      "makerOrderId": "67530015ff2a9e0007141c7a",
      "price": "0.78",
      "sequence": "6055969557592065",
      "side": "buy",
      "size": "1",
      "symbol": "PONCH-USDT",
      "takerOrderId": "675303612e6b3a00075f97fa",
      "time": "1733493601645000000",
      "tradeId": "6055969557592065",
      "type": "match",
      "time_received": "14:00:01.7047"
    },
    {
      "makerOrderId": "67530015ff2a9e0007141c7a",
      "price": "0.78",
      "sequence": "6055969557723137",
      "side": "buy",
      "size": "1",
      "symbol": "PONCH-USDT",
      "takerOrderId": "675303613ecf43000782c033",
      "time": "1733493601645000000",
      "tradeId": "6055969557723137",
      "type": "match",
      "time_received": "14:00:01.7047"
    },
    {
      "makerOrderId": "67530015ff2a9e0007141c7a",
      "price": "0.78",
      "sequence": "6055969557854209",
      "side": "buy",
      "size": "1",
      "symbol": "PONCH-USDT",
      "takerOrderId": "67530361a398ab0007b6fdde",
      "time": "1733493601645000000",
      "tradeId": "6055969557854209",
      "type": "match",
      "time_received": "14:00:01.7048"
    },
    {
      "makerOrderId": "67530015ff2a9e0007141c7a",
      "price": "0.78",
      "sequence": "6055969557985281",
      "side": "buy",
      "size": "1",
      "symbol": "PONCH-USDT",
      "takerOrderId": "675303613ecf43000782c04a",
      "time": "1733493601645000000",
      "tradeId": "6055969557985281",
      "type": "match",
      "time_received": "14:00:01.7048"
    },
    {
      "makerOrderId": "67530015ff2a9e0007141c7a",
      "price": "0.78",
      "sequence": "6055969558771713",
      "side": "buy",
      "size": "1",
      "symbol": "PONCH-USDT",
      "takerOrderId": "675303618338b9000763fd06",
      "time": "1733493601645000000",
      "tradeId": "6055969558771713",
      "type": "match",
      "time_received": "14:00:01.7049"
    },
    {
      "makerOrderId": "67530361aef36e0007c8d518",
      "price": "0.771",
      "sequence": "6055969559427073",
      "side": "sell",
      "size": "1",
      "symbol": "PONCH-USDT",
      "takerOrderId": "675303619574f300072e49c8",
      "time": "1733493601645000000",
      "tradeId": "6055969559427073",
      "type": "match",
      "time_received": "14:00:01.7049"
    },
    {
      "makerOrderId": "67530015ff2a9e0007141c7a",
      "price": "0.78",
      "sequence": "6055969568208897",
      "side": "buy",
      "size": "1",
      "symbol": "PONCH-USDT",
      "takerOrderId": "675303613bb37e0007961869",
      "time": "1733493601649000000",
      "tradeId": "6055969568208897",
      "type": "match",
      "time_received": "14:00:01.7050"
    },
    {
      "makerOrderId": "67530015ff2a9e0007141c7a",
      "price": "0.78",
      "sequence": "6055969568339969",
      "side": "buy",
      "size": "1",
      "symbol": "PONCH-USDT",
      "takerOrderId": "67530361fd061e0007bfa752",
      "time": "1733493601649000000",
      "tradeId": "6055969568339969",
      "type": "match",
      "time_received": "14:00:01.7050"
    },
    {
      "makerOrderId": "675303611e1c9e000771feed",
      "price": "0.7581",
      "sequence": "6055969578956801",
      "side": "sell",
      "size": "1",
      "symbol": "PONCH-USDT",
      "takerOrderId": "675303617cf7ff0007c1ccf3",
      "time": "1733493601657000000",
      "tradeId": "6055969578956801",
      "type": "match",
      "time_received": "14:00:01.7051"
    },
    {
      "makerOrderId": "67530015ff2a9e0007141c7a",
      "price": "0.78",
      "sequence": "6055969579218945",
      "side": "buy",
      "size": "1",
      "symbol": "PONCH-USDT",
      "takerOrderId": "675303613bb37e00079618b0",
      "time": "1733493601657000000",
      "tradeId": "6055969579218945",
      "type": "match",
      "time_received": "14:00:01.7051"
    },
    {
      "makerOrderId": "67530015ff2a9e0007141c7a",
      "price": "0.78",
      "sequence": "6055969593636865",
      "side": "buy",
      "size": "1",
      "symbol": "PONCH-USDT",
      "takerOrderId": "6753036141bdfd0007bed6ab",
      "time": "1733493601683000000",
      "tradeId": "6055969593636865",
      "type": "match",
      "time_received": "14:00:01.7868"
    },
    {
      "makerOrderId": "67530361716ab30007110436",
      "price": "0.7362",
      "sequence": "6055969602418689",
      "side": "sell",
      "size": "1",
      "symbol": "PONCH-USDT",
      "takerOrderId": "67530361a398ab0007b6ffbf",
      "time": "1733493601700000000",
      "tradeId": "6055969602418689",
      "type": "match",
      "time_received": "14:00:01.7869"
    },
    {
      "makerOrderId": "67530015ff2a9e0007141c7a",
      "price": "0.78",
      "sequence": "6055969606744065",
      "side": "buy",
      "size": "1",
      "symbol": "PONCH-USDT",
      "takerOrderId": "67530361a398ab0007b6ffda",
      "time": "1733493601706000000",
      "tradeId": "6055969606744065",
      "type": "match",
      "time_received": "14:00:01.7869"
    },
    {
      "makerOrderId": "67530015ff2a9e0007141c7a",
      "price": "0.78",
      "sequence": "6055969607923713",
      "side": "buy",
      "size": "1",
      "symbol": "PONCH-USDT",
      "takerOrderId": "675303613bb37e00079619b6",
      "time": "1733493601708000000",
      "tradeId": "6055969607923713",
      "type": "match",
      "time_received": "14:00:01.7877"
    },
    {
      "makerOrderId": "67530015ff2a9e0007141c7a",
      "price": "0.78",
      "sequence": "6055969627977729",
      "side": "buy",
      "size": "1",
      "symbol": "PONCH-USDT",
      "takerOrderId": "67530361aef36e0007c8d8d8",
      "time": "1733493601729000000",
      "tradeId": "6055969627977729",
      "type": "match",
      "time_received": "14:00:01.7878"
    },
    {
      "makerOrderId": "67530015ff2a9e0007141c7a",
      "price": "0.78",
      "sequence": "6055969630861313",
      "side": "buy",
      "size": "1",
      "symbol": "PONCH-USDT",
      "takerOrderId": "67530361fe36bf000744601f",
      "time": "1733493601736000000",
      "tradeId": "6055969630861313",
      "type": "match",
      "time_received": "14:00:01.7878"
    },
    {
      "makerOrderId": "67530015ff2a9e0007141c7a",
      "price": "0.78",
      "sequence": "6055969646983169",
      "side": "buy",
      "size": "1",
      "symbol": "PONCH-USDT",
      "takerOrderId": "6753036141bdfd0007bed7c2",
      "time": "1733493601749000000",
      "tradeId": "6055969646983169",
      "type": "match",
      "time_received": "14:00:01.8072"
    },
    {
      "makerOrderId": "67530015ff2a9e0007141c7a",
      "price": "0.78",
      "sequence": "6055969664022529",
      "side": "buy",
      "size": "1",
      "symbol": "PONCH-USDT",
      "takerOrderId": "675303612e6b3a00075f9b4a",
      "time": "1733493601780000000",
      "tradeId": "6055969664022529",
      "type": "match",
      "time_received": "14:00:01.8246"
    },
    {
      "makerOrderId": "67530015ff2a9e0007141c7a",
      "price": "0.78",
      "sequence": "6055969672804353",
      "side": "buy",
      "size": "1",
      "symbol": "PONCH-USDT",
      "takerOrderId": "67530361aef36e0007c8d9da",
      "time": "1733493601797000000",
      "tradeId": "6055969672804353",
      "type": "match",
      "time_received": "14:00:01.8436"
    },
    {
      "makerOrderId": "67530015ff2a9e0007141c7a",
      "price": "0.78",
      "sequence": "6055969680144385",
      "side": "buy",
      "size": "1",
      "symbol": "PONCH-USDT",
      "takerOrderId": "67530361ff2a9e000732549b",
      "time": "1733493601806000000",
      "tradeId": "6055969680144385",
      "type": "match",
      "time_received": "14:00:01.8527"
    },
    {
      "makerOrderId": "67530015ff2a9e0007141c7a",
      "price": "0.78",
      "sequence": "6055969681979393",
      "side": "buy",
      "size": "1",
      "symbol": "PONCH-USDT",
      "takerOrderId": "67530361b1d2ab0007aac6be",
      "time": "1733493601809000000",
      "tradeId": "6055969681979393",
      "type": "match",
      "time_received": "14:00:01.8529"
    },
    {
      "makerOrderId": "67530015ff2a9e0007141c7a",
      "price": "0.78",
      "sequence": "6055969685649409",
      "side": "buy",
      "size": "1",
      "symbol": "PONCH-USDT",
      "takerOrderId": "67530361716ab30007110895",
      "time": "1733493601814000000",
      "tradeId": "6055969685649409",
      "type": "match",
      "time_received": "14:00:01.8571"
    },
    {
      "makerOrderId": "67530015ff2a9e0007141c7a",
      "price": "0.78",
      "sequence": "6055969689450497",
      "side": "buy",
      "size": "1",
      "symbol": "PONCH-USDT",
      "takerOrderId": "675303618338b9000764006f",
      "time": "1733493601823000000",
      "tradeId": "6055969689450497",
      "type": "match",
      "time_received": "14:00:01.8674"
    },
    {
      "makerOrderId": "67530015ff2a9e0007141c7a",
      "price": "0.78",
      "sequence": "6055969695873027",
      "side": "buy",
      "size": "1",
      "symbol": "PONCH-USDT",
      "takerOrderId": "675303618338b900076400a4",
      "time": "1733493601835000000",
      "tradeId": "6055969695873027",
      "type": "match",
      "time_received": "14:00:01.9577"
    },
    {
      "makerOrderId": "67530015ff2a9e0007141c7a",
      "price": "0.78",
      "sequence": "6055969706752001",
      "side": "buy",
      "size": "1",
      "symbol": "PONCH-USDT",
      "takerOrderId": "675303618338b900076400cd",
      "time": "1733493601850000000",
      "tradeId": "6055969706752001",
      "type": "match",
      "time_received": "14:00:02.0507"
    },
    {
      "makerOrderId": "67530015ff2a9e0007141c7a",
      "price": "0.78",
      "sequence": "6055969716582403",
      "side": "buy",
      "size": "1",
      "symbol": "PONCH-USDT",
      "takerOrderId": "675303618338b900076400e3",
      "time": "1733493601856000000",
      "tradeId": "6055969716582403",
      "type": "match",
      "time_received": "14:00:02.0508"
    },
    {
      "makerOrderId": "67530015ff2a9e0007141c7a",
      "price": "0.78",
      "sequence": "6055969720514561",
      "side": "buy",
      "size": "1",
      "symbol": "PONCH-USDT",
      "takerOrderId": "67530361f517900007fb67ed",
      "time": "1733493601861000000",
      "tradeId": "6055969720514561",
      "type": "match",
      "time_received": "14:00:02.0509"
    },
    {
      "makerOrderId": "67530015ff2a9e0007141c7a",
      "price": "0.78",
      "sequence": "6055969728903169",
      "side": "buy",
      "size": "1",
      "symbol": "PONCH-USDT",
      "takerOrderId": "67530361ecb8b20007cdef00",
      "time": "1733493601873000000",
      "tradeId": "6055969728903169",
      "type": "match",
      "time_received": "14:00:02.0509"
    },
    {
      "makerOrderId": "67530015ff2a9e0007141c7a",
      "price": "0.78",
      "sequence": "6055969743976449",
      "side": "buy",
      "size": "1",
      "symbol": "PONCH-USDT",
      "takerOrderId": "675303611e1c9e00077203c6",
      "time": "1733493601878000000",
      "tradeId": "6055969743976449",
      "type": "match",
      "time_received": "14:00:02.0510"
    },
    {
      "makerOrderId": "67530015ff2a9e0007141c7a",
      "price": "0.78",
      "sequence": "6055969778186241",
      "side": "buy",
      "size": "1",
      "symbol": "PONCH-USDT",
      "takerOrderId": "675303619574f300072e4e7f",
      "time": "1733493601909000000",
      "tradeId": "6055969778186241",
      "type": "match",
      "time_received": "14:00:02.0510"
    },
    {
      "makerOrderId": "67530015ff2a9e0007141c7a",
      "price": "0.78",
      "sequence": "6055969788672001",
      "side": "buy",
      "size": "1",
      "symbol": "PONCH-USDT",
      "takerOrderId": "67530361fe36bf00074462df",
      "time": "1733493601928000000",
      "tradeId": "6055969788672001",
      "type": "match",
      "time_received": "14:00:02.0580"
    },
    {
      "makerOrderId": "675303613ecf43000782c47e",
      "price": "0.747",
      "sequence": "6055969788803073",
      "side": "sell",
      "size": "1",
      "symbol": "PONCH-USDT",
      "takerOrderId": "67530361a398ab0007b7031d",
      "time": "1733493601928000000",
      "tradeId": "6055969788803073",
      "type": "match",
      "time_received": "14:00:02.0582"
    },
    {
      "makerOrderId": "67530015ff2a9e0007141c7a",
      "price": "0.78",
      "sequence": "6055969790507009",
      "side": "buy",
      "size": "1",
      "symbol": "PONCH-USDT",
      "takerOrderId": "675303617cf7ff0007c1d154",
      "time": "1733493601931000000",
      "tradeId": "6055969790507009",
      "type": "match",
      "time_received": "14:00:02.0583"
    },
    {
      "makerOrderId": "67530015ff2a9e0007141c7a",
      "price": "0.78",
      "sequence": "6055969793914881",
      "side": "buy",
      "size": "1",
      "symbol": "PONCH-USDT",
      "takerOrderId": "675303619574f300072e4eea",
      "time": "1733493601937000000",
      "tradeId": "6055969793914881",
      "type": "match",
      "time_received": "14:00:02.0605"
    },
    {
      "makerOrderId": "67530015ff2a9e0007141c7a",
      "price": "0.78",
      "sequence": "6055969801385987",
      "side": "buy",
      "size": "1",
      "symbol": "PONCH-USDT",
      "takerOrderId": "675303612e6b3a00075f9d9a",
      "time": "1733493601956000000",
      "tradeId": "6055969801385987",
      "type": "match",
      "time_received": "14:00:02.0606"
    },
    {
      "makerOrderId": "67530015ff2a9e0007141c7a",
      "price": "0.78",
      "sequence": "6055969802172419",
      "side": "buy",
      "size": "1",
      "symbol": "PONCH-USDT",
      "takerOrderId": "675303612e6b3a00075f9da4",
      "time": "1733493601959000000",
      "tradeId": "6055969802172419",
      "type": "match",
      "time_received": "14:00:02.0613"
    },
    {
      "makerOrderId": "67530015ff2a9e0007141c7a",
      "price": "0.78",
      "sequence": "6055969810167809",
      "side": "buy",
      "size": "1",
      "symbol": "PONCH-USDT",
      "takerOrderId": "67530361f517900007fb6991",
      "time": "1733493601974000000",
      "tradeId": "6055969810167809",
      "type": "match",
      "time_received": "14:00:02.0614"
    },
    {
      "makerOrderId": "67530015ff2a9e0007141c7a",
      "price": "0.78",
      "sequence": "6055969813575681",
      "side": "buy",
      "size": "1",
      "symbol": "PONCH-USDT",
      "takerOrderId": "67530361ecb8b20007cdf092",
      "time": "1733493601980000000",
      "tradeId": "6055969813575681",
      "type": "match",
      "time_received": "14:00:02.0614"
    },
    {
      "makerOrderId": "67530015ff2a9e0007141c7a",
      "price": "0.78",
      "sequence": "6055969820522497",
      "side": "buy",
      "size": "1",
      "symbol": "PONCH-USDT",
      "takerOrderId": "675303612e6b3a00075f9df7",
      "time": "1733493601989000000",
      "tradeId": "6055969820522497",
      "type": "match",
      "time_received": "14:00:02.0615"
    },
    {
      "makerOrderId": "67530361716ab30007110aa8",
      "price": "0.7646",
      "sequence": "6055969827600385",
      "side": "sell",
      "size": "1",
      "symbol": "PONCH-USDT",
      "takerOrderId": "6753036241bdfd0007bedb3b",
      "time": "1733493602004000000",
      "tradeId": "6055969827600385",
      "type": "match",
      "time_received": "14:00:02.0615"
    },
    {
      "makerOrderId": "67530015ff2a9e0007141c7a",
      "price": "0.78",
      "sequence": "6055969829042177",
      "side": "buy",
      "size": "1",
      "symbol": "PONCH-USDT",
      "takerOrderId": "6753036241bdfd0007bedb44",
      "time": "1733493602007000000",
      "tradeId": "6055969829042177",
      "type": "match",
      "time_received": "14:00:02.0616"
    },
    {
      "makerOrderId": "67530015ff2a9e0007141c7a",
      "price": "0.78",
      "sequence": "6055969829304321",
      "side": "buy",
      "size": "23.73",
      "symbol": "PONCH-USDT",
      "takerOrderId": "675303613bb37e0007961dc9",
      "time": "1733493602008000000",
      "tradeId": "6055969829304321",
      "type": "match",
      "time_received": "14:00:02.0616"
    },
    {
      "makerOrderId": "67530015ff2a9e0007141c7a",
      "price": "0.78",
      "sequence": "6055969835202561",
      "side": "buy",
      "size": "1",
      "symbol": "PONCH-USDT",
      "takerOrderId": "675303627cf7ff0007c1d26d",
      "time": "1733493602019000000",
      "tradeId": "6055969835202561",
      "type": "match",
      "time_received": "14:00:02.0666"
    },
    {
      "makerOrderId": "67530015ff2a9e0007141c7a",
      "price": "0.78",
      "sequence": "6055969840707585",
      "side": "buy",
      "size": "1",
      "symbol": "PONCH-USDT",
      "takerOrderId": "67530362e7750000073860d3",
      "time": "1733493602033000000",
      "tradeId": "6055969840707585",
      "type": "match",
      "time_received": "14:00:02.0813"
    },
    {
      "makerOrderId": "67530015ff2a9e0007141c7a",
      "price": "0.78",
      "sequence": "6055969844246529",
      "side": "buy",
      "size": "1",
      "symbol": "PONCH-USDT",
      "takerOrderId": "67530362fd061e0007bfad4c",
      "time": "1733493602040000000",
      "tradeId": "6055969844246529",
      "type": "match",
      "time_received": "14:00:02.0911"
    },
    {
      "makerOrderId": "67530015ff2a9e0007141c7a",
      "price": "0.78",
      "sequence": "6055969845032961",
      "side": "buy",
      "size": "1",
      "symbol": "PONCH-USDT",
      "takerOrderId": "67530362b1d2ab0007aaca00",
      "time": "1733493602041000000",
      "tradeId": "6055969845032961",
      "type": "match",
      "time_received": "14:00:02.0912"
    },
    {
      "makerOrderId": "67530015ff2a9e0007141c7a",
      "price": "0.78",
      "sequence": "6055969847261185",
      "side": "buy",
      "size": "1",
      "symbol": "PONCH-USDT",
      "takerOrderId": "67530362a398ab0007b7048c",
      "time": "1733493602046000000",
      "tradeId": "6055969847261185",
      "type": "match",
      "time_received": "14:00:02.1038"
    },
    {
      "makerOrderId": "67530015ff2a9e0007141c7a",
      "price": "0.78",
      "sequence": "6055969847392257",
      "side": "buy",
      "size": "1",
      "symbol": "PONCH-USDT",
      "takerOrderId": "67530362a398ab0007b7048d",
      "time": "1733493602046000000",
      "tradeId": "6055969847392257",
      "type": "match",
      "time_received": "14:00:02.1039"
    },
    {
      "makerOrderId": "67530015ff2a9e0007141c7a",
      "price": "0.78",
      "sequence": "6055969849227265",
      "side": "buy",
      "size": "1",
      "symbol": "PONCH-USDT",
      "takerOrderId": "67530362a398ab0007b7049a",
      "time": "1733493602051000000",
      "tradeId": "6055969849227265",
      "type": "match",
      "time_received": "14:00:02.1039"
    },
    {
      "makerOrderId": "67530015ff2a9e0007141c7a",
      "price": "0.78",
      "sequence": "6055969863120897",
      "side": "buy",
      "size": "1",
      "symbol": "PONCH-USDT",
      "takerOrderId": "67530362716ab30007110be1",
      "time": "1733493602077000000",
      "tradeId": "6055969863120897",
      "type": "match",
      "time_received": "14:00:02.1399"
    },
    {
      "makerOrderId": "67530015ff2a9e0007141c7a",
      "price": "0.78",
      "sequence": "6055969871116291",
      "side": "buy",
      "size": "1",
      "symbol": "PONCH-USDT",
      "takerOrderId": "675303623ecf43000782c796",
      "time": "1733493602090000000",
      "tradeId": "6055969871116291",
      "type": "match",
      "time_received": "14:00:02.1400"
    },
    {
      "makerOrderId": "67530015ff2a9e0007141c7a",
      "price": "0.78",
      "sequence": "6055969872951297",
      "side": "buy",
      "size": "1",
      "symbol": "PONCH-USDT",
      "takerOrderId": "67530362ecb8b20007cdf1e1",
      "time": "1733493602094000000",
      "tradeId": "6055969872951297",
      "type": "match",
      "time_received": "14:00:02.1401"
    },
    {
      "makerOrderId": "67530015ff2a9e0007141c7a",
      "price": "0.78",
      "sequence": "6055969873082369",
      "side": "buy",
      "size": "1",
      "symbol": "PONCH-USDT",
      "takerOrderId": "675303623ecf43000782c7a2",
      "time": "1733493602094000000",
      "tradeId": "6055969873082369",
      "type": "match",
      "time_received": "14:00:02.1401"
    },
    {
      "makerOrderId": "67530015ff2a9e0007141c7a",
      "price": "0.78",
      "sequence": "6055969874917377",
      "side": "buy",
      "size": "1",
      "symbol": "PONCH-USDT",
      "takerOrderId": "67530362f517900007fb6b0a",
      "time": "1733493602095000000",
      "tradeId": "6055969874917377",
      "type": "match",
      "time_received": "14:00:02.1402"
    },
    {
      "makerOrderId": "67530015ff2a9e0007141c7a",
      "price": "0.78",
      "sequence": "6055969882650625",
      "side": "buy",
      "size": "1",
      "symbol": "PONCH-USDT",
      "takerOrderId": "675303623bb37e0007961f3a",
      "time": "1733493602113000000",
      "tradeId": "6055969882650625",
      "type": "match",
      "time_received": "14:00:02.1735"
    },
    {
      "makerOrderId": "67530015ff2a9e0007141c7a",
      "price": "0.78",
      "sequence": "6055969898903555",
      "side": "buy",
      "size": "1",
      "symbol": "PONCH-USDT",
      "takerOrderId": "675303623bb37e0007961f85",
      "time": "1733493602144000000",
      "tradeId": "6055969898903555",
      "type": "match",
      "time_received": "14:00:02.1982"
    },
    {
      "makerOrderId": "67530015ff2a9e0007141c7a",
      "price": "0.78",
      "sequence": "6055969899165697",
      "side": "buy",
      "size": "1",
      "symbol": "PONCH-USDT",
      "takerOrderId": "67530362fe36bf000744656a",
      "time": "1733493602144000000",
      "tradeId": "6055969899165697",
      "type": "match",
      "time_received": "14:00:02.1983"
    },
    {
      "makerOrderId": "67530361fd80ce0007a1557b",
      "price": "0.7363",
      "sequence": "6055969902180355",
      "side": "sell",
      "size": "1",
      "symbol": "PONCH-USDT",
      "takerOrderId": "67530362ff2a9e00073258c8",
      "time": "1733493602148000000",
      "tradeId": "6055969902180355",
      "type": "match",
      "time_received": "14:00:02.1983"
    },
    {
      "makerOrderId": "67530015ff2a9e0007141c7a",
      "price": "0.78",
      "sequence": "6055969906505729",
      "side": "buy",
      "size": "1",
      "symbol": "PONCH-USDT",
      "takerOrderId": "675303629574f300072e5192",
      "time": "1733493602154000000",
      "tradeId": "6055969906505729",
      "type": "match",
      "time_received": "14:00:02.2138"
    },
    {
      "makerOrderId": "67530015ff2a9e0007141c7a",
      "price": "0.78",
      "sequence": "6055969908733953",
      "side": "buy",
      "size": "1",
      "symbol": "PONCH-USDT",
      "takerOrderId": "675303627cf7ff0007c1d414",
      "time": "1733493602157000000",
      "tradeId": "6055969908733953",
      "type": "match",
      "time_received": "14:00:02.2139"
    },
    {
      "makerOrderId": "67530015ff2a9e0007141c7a",
      "price": "0.78",
      "sequence": "6055969908865025",
      "side": "buy",
      "size": "1",
      "symbol": "PONCH-USDT",
      "takerOrderId": "67530362fd061e0007bfaeb2",
      "time": "1733493602157000000",
      "tradeId": "6055969908865025",
      "type": "match",
      "time_received": "14:00:02.2140"
    },
    {
      "makerOrderId": "67530015ff2a9e0007141c7a",
      "price": "0.78",
      "sequence": "6055969917384705",
      "side": "buy",
      "size": "1",
      "symbol": "PONCH-USDT",
      "takerOrderId": "675303622e6b3a00075fa021",
      "time": "1733493602172000000",
      "tradeId": "6055969917384705",
      "type": "match",
      "time_received": "14:00:02.2175"
    },
    {
      "makerOrderId": "67530015ff2a9e0007141c7a",
      "price": "0.78",
      "sequence": "6055969936128001",
      "side": "buy",
      "size": "1",
      "symbol": "PONCH-USDT",
      "takerOrderId": "67530362fd061e0007bfaf30",
      "time": "1733493602197000000",
      "tradeId": "6055969936128001",
      "type": "match",
      "time_received": "14:00:02.2463"
    },
    {
      "makerOrderId": "67530015ff2a9e0007141c7a",
      "price": "0.78",
      "sequence": "6055969937307649",
      "side": "buy",
      "size": "1",
      "symbol": "PONCH-USDT",
      "takerOrderId": "67530362aef36e0007c8defe",
      "time": "1733493602200000000",
      "tradeId": "6055969937307649",
      "type": "match",
      "time_received": "14:00:02.2465"
    },
    {
      "makerOrderId": "67530015ff2a9e0007141c7a",
      "price": "0.78",
      "sequence": "6055969944909825",
      "side": "buy",
      "size": "1",
      "symbol": "PONCH-USDT",
      "takerOrderId": "675303621ed0d8000715af97",
      "time": "1733493602214000000",
      "tradeId": "6055969944909825",
      "type": "match",
      "time_received": "14:00:02.2555"
    },
    {
      "makerOrderId": "67530015ff2a9e0007141c7a",
      "price": "0.78",
      "sequence": "6055969948448771",
      "side": "buy",
      "size": "1",
      "symbol": "PONCH-USDT",
      "takerOrderId": "67530362fd80ce0007a15a40",
      "time": "1733493602222000000",
      "tradeId": "6055969948448771",
      "type": "match",
      "time_received": "14:00:02.2679"
    },
    {
      "makerOrderId": "67530015ff2a9e0007141c7a",
      "price": "0.78",
      "sequence": "6055969950939137",
      "side": "buy",
      "size": "1",
      "symbol": "PONCH-USDT",
      "takerOrderId": "675303629574f300072e5262",
      "time": "1733493602228000000",
      "tradeId": "6055969950939137",
      "type": "match",
      "time_received": "14:00:02.2680"
    },
    {
      "makerOrderId": "67530361fd80ce0007a1557b",
      "price": "0.7363",
      "sequence": "6055969951070209",
      "side": "sell",
      "size": "1",
      "symbol": "PONCH-USDT",
      "takerOrderId": "67530362aef36e0007c8df47",
      "time": "1733493602228000000",
      "tradeId": "6055969951070209",
      "type": "match",
      "time_received": "14:00:02.2727"
    },
    {
      "makerOrderId": "67530015ff2a9e0007141c7a",
      "price": "0.78",
      "sequence": "6055969955264513",
      "side": "buy",
      "size": "1",
      "symbol": "PONCH-USDT",
      "takerOrderId": "67530362e77500000738632a",
      "time": "1733493602236000000",
      "tradeId": "6055969955264513",
      "type": "match",
      "time_received": "14:00:02.2785"
    },
    {
      "makerOrderId": "67530015ff2a9e0007141c7a",
      "price": "0.78",
      "sequence": "6055969956050947",
      "side": "buy",
      "size": "1",
      "symbol": "PONCH-USDT",
      "takerOrderId": "675303621ed0d8000715afd7",
      "time": "1733493602238000000",
      "tradeId": "6055969956050947",
      "type": "match",
      "time_received": "14:00:02.2837"
    },
    {
      "makerOrderId": "67530015ff2a9e0007141c7a",
      "price": "0.78",
      "sequence": "6055969963784195",
      "side": "buy",
      "size": "1",
      "symbol": "PONCH-USDT",
      "takerOrderId": "675303621e1c9e0007720839",
      "time": "1733493602256000000",
      "tradeId": "6055969963784195",
      "type": "match",
      "time_received": "14:00:02.2987"
    },
    {
      "makerOrderId": "67530015ff2a9e0007141c7a",
      "price": "0.78",
      "sequence": "6055969966012417",
      "side": "buy",
      "size": "253.16",
      "symbol": "PONCH-USDT",
      "takerOrderId": "675303627cf7ff0007c1d514",
      "time": "1733493602264000000",
      "tradeId": "6055969966012417",
      "type": "match",
      "time_received": "14:00:02.3083"
    },
    {
      "makerOrderId": "67530015ff2a9e0007141c7a",
      "price": "0.78",
      "sequence": "6055969973352449",
      "side": "buy",
      "size": "1",
      "symbol": "PONCH-USDT",
      "takerOrderId": "675303621e1c9e0007720875",
      "time": "1733493602279000000",
      "tradeId": "6055969973352449",
      "type": "match",
      "time_received": "14:00:02.3235"
    },
    {
      "makerOrderId": "67530015ff2a9e0007141c7a",
      "price": "0.78",
      "sequence": "6055969975842817",
      "side": "buy",
      "size": "1",
      "symbol": "PONCH-USDT",
      "takerOrderId": "675303629574f300072e52d6",
      "time": "1733493602286000000",
      "tradeId": "6055969975842817",
      "type": "match",
      "time_received": "14:00:02.3289"
    },
    {
      "makerOrderId": "67530015ff2a9e0007141c7a",
      "price": "0.78",
      "sequence": "6055969984493569",
      "side": "buy",
      "size": "1",
      "symbol": "PONCH-USDT",
      "takerOrderId": "67530362fe36bf00074466db",
      "time": "1733493602305000000",
      "tradeId": "6055969984493569",
      "type": "match",
      "time_received": "14:00:02.3493"
    },
    {
      "makerOrderId": "67530015ff2a9e0007141c7a",
      "price": "0.78",
      "sequence": "6055969986066433",
      "side": "buy",
      "size": "1",
      "symbol": "PONCH-USDT",
      "takerOrderId": "67530362f517900007fb6d15",
      "time": "1733493602307000000",
      "tradeId": "6055969986066433",
      "type": "match",
      "time_received": "14:00:02.3523"
    },
    {
      "makerOrderId": "67530015ff2a9e0007141c7a",
      "price": "0.78",
      "sequence": "6055969990260739",
      "side": "buy",
      "size": "1",
      "symbol": "PONCH-USDT",
      "takerOrderId": "67530362ff2a9e0007325a45",
      "time": "1733493602313000000",
      "tradeId": "6055969990260739",
      "type": "match",
      "time_received": "14:00:02.3601"
    },
    {
      "makerOrderId": "67530361fd80ce0007a1557b",
      "price": "0.7363",
      "sequence": "6055969993013251",
      "side": "sell",
      "size": "1",
      "symbol": "PONCH-USDT",
      "takerOrderId": "675303623ecf43000782c9c0",
      "time": "1733493602318000000",
      "tradeId": "6055969993013251",
      "type": "match",
      "time_received": "14:00:02.3636"
    },
    {
      "makerOrderId": "67530015ff2a9e0007141c7a",
      "price": "0.78",
      "sequence": "6055969996814337",
      "side": "buy",
      "size": "1",
      "symbol": "PONCH-USDT",
      "takerOrderId": "67530362b1d2ab0007aaccd1",
      "time": "1733493602327000000",
      "tradeId": "6055969996814337",
      "type": "match",
      "time_received": "14:00:02.3728"
    },
    {
      "makerOrderId": "67530015ff2a9e0007141c7a",
      "price": "0.78",
      "sequence": "6055970004154369",
      "side": "buy",
      "size": "1",
      "symbol": "PONCH-USDT",
      "takerOrderId": "675303622e6b3a00075fa1a5",
      "time": "1733493602346000000",
      "tradeId": "6055970004154369",
      "type": "match",
      "time_received": "14:00:02.3924"
    },
    {
      "makerOrderId": "67530015ff2a9e0007141c7a",
      "price": "0.78",
      "sequence": "6055970004285441",
      "side": "buy",
      "size": "1",
      "symbol": "PONCH-USDT",
      "takerOrderId": "67530362a398ab0007b70782",
      "time": "1733493602346000000",
      "tradeId": "6055970004285441",
      "type": "match",
      "time_received": "14:00:02.3925"
    },
    {
      "makerOrderId": "67530015ff2a9e0007141c7a",
      "price": "0.78",
      "sequence": "6055970004547585",
      "side": "buy",
      "size": "1",
      "symbol": "PONCH-USDT",
      "takerOrderId": "6753036241bdfd0007bedeaf",
      "time": "1733493602347000000",
      "tradeId": "6055970004547585",
      "type": "match",
      "time_received": "14:00:02.3925"
    },
    {
      "makerOrderId": "67530015ff2a9e0007141c7a",
      "price": "0.78",
      "sequence": "6055970009397249",
      "side": "buy",
      "size": "1",
      "symbol": "PONCH-USDT",
      "takerOrderId": "675303627cf7ff0007c1d5d6",
      "time": "1733493602362000000",
      "tradeId": "6055970009397249",
      "type": "match",
      "time_received": "14:00:02.4062"
    },
    {
      "makerOrderId": "67530015ff2a9e0007141c7a",
      "price": "0.78",
      "sequence": "6055970015295489",
      "side": "buy",
      "size": "1",
      "symbol": "PONCH-USDT",
      "takerOrderId": "67530362fe36bf000744676d",
      "time": "1733493602381000000",
      "tradeId": "6055970015295489",
      "type": "match",
      "time_received": "14:00:02.4267"
    },
    {
      "makerOrderId": "67530015ff2a9e0007141c7a",
      "price": "0.78",
      "sequence": "6055970023290881",
      "side": "buy",
      "size": "1",
      "symbol": "PONCH-USDT",
      "takerOrderId": "67530362b1d2ab0007aacd61",
      "time": "1733493602403000000",
      "tradeId": "6055970023290881",
      "type": "match",
