{
  "metadata": {
    "symbol": "KIMA",
    "channel": "match",
    "start_time": "12:59:30.0000",
    "release_time": "13:00:00.0000",
    "end_time": "13:05:00.0000",
    "total_messages": 2108,
    "final_snapshot": {
      "time": "13:05:00.4070",
      "symbol": "KIMA-USDT",
      "price_high": "0.6548",
      "price_last": "0.6345",
      "price_low": "0.1",
      "price_avg": null,
      "volValue_USDT": "118223.835325"
    }
  },
  "data": [
    {
      "price": "0.1",
      "sequence": "5709684121548801",
      "side": "sell",
      "size": "1",
      "symbol": "KIMA-USDT",
      "time": "1732626000000000000",
      "tradeId": "5709684121548801",
      "type": "match",
      "time_received": "13:00:00.1089"
    },
    {
      "makerOrderId": "6745bde61586c1000759a492",
      "price": "0.25",
      "sequence": "5709684125349889",
      "side": "buy",
      "size": "100",
      "symbol": "KIMA-USDT",
      "takerOrderId": "6745c650f15b270007a10faa",
      "time": "1732626000050000000",
      "tradeId": "5709684125349889",
      "type": "match",
      "time_received": "13:00:00.1090"
    },
    {
      "makerOrderId": "6745bde60d85530007d9e9a1",
      "price": "0.2505",
      "sequence": "5709684125349892",
      "side": "buy",
      "size": "199.6",
      "symbol": "KIMA-USDT",
      "takerOrderId": "6745c650f15b270007a10faa",
      "time": "1732626000050000000",
      "tradeId": "5709684125349892",
      "type": "match",
      "time_received": "13:00:00.1090"
    },
    {
      "makerOrderId": "6745bde6b7e21a00071ecd2e",
      "price": "0.251",
      "sequence": "5709684125349895",
      "side": "buy",
      "size": "298.8",
      "symbol": "KIMA-USDT",
      "takerOrderId": "6745c650f15b270007a10faa",
      "time": "1732626000050000000",
      "tradeId": "5709684125349895",
      "type": "match",
      "time_received": "13:00:00.1092"
    },
    {
      "makerOrderId": "6745bde61586c1000759a40e",
      "price": "0.2515",
      "sequence": "5709684125349898",
      "side": "buy",
      "size": "397.61",
      "symbol": "KIMA-USDT",
      "takerOrderId": "6745c650f15b270007a10faa",
      "time": "1732626000050000000",
      "tradeId": "5709684125349898",
      "type": "match",
      "time_received": "13:00:00.1092"
    },
    {
      "makerOrderId": "6745bde6c5ba74000743ac39",
      "price": "0.252",
      "sequence": "5709684125349901",
      "side": "buy",
      "size": "496.03",
      "symbol": "KIMA-USDT",
      "takerOrderId": "6745c650f15b270007a10faa",
      "time": "1732626000050000000",
      "tradeId": "5709684125349901",
      "type": "match",
      "time_received": "13:00:00.1092"
    },
    {
      "makerOrderId": "6745bde60d85530007d9e9a9",
      "price": "0.2525",
      "sequence": "5709684125349904",
      "side": "buy",
      "size": "594.06",
      "symbol": "KIMA-USDT",
      "takerOrderId": "6745c650f15b270007a10faa",
      "time": "1732626000050000000",
      "tradeId": "5709684125349904",
      "type": "match",
      "time_received": "13:00:00.1093"
    },
    {
      "makerOrderId": "6745bde61586c1000759a411",
      "price": "0.253",
      "sequence": "5709684125349907",
      "side": "buy",
      "size": "691.7",
      "symbol": "KIMA-USDT",
      "takerOrderId": "6745c650f15b270007a10faa",
      "time": "1732626000050000000",
      "tradeId": "5709684125349907",
      "type": "match",
      "time_received": "13:00:00.1093"
    },
    {
      "makerOrderId": "6745bde6f4f120000773a112",
      "price": "0.2535",
      "sequence": "5709684125349910",
      "side": "buy",
      "size": "788.95",
      "symbol": "KIMA-USDT",
      "takerOrderId": "6745c650f15b270007a10faa",
      "time": "1732626000050000000",
      "tradeId": "5709684125349910",
      "type": "match",
      "time_received": "13:00:00.1093"
    },
    {
      "makerOrderId": "6745bde61586c1000759a3fa",
      "price": "0.254",
      "sequence": "5709684125349913",
      "side": "buy",
      "size": "885.83",
      "symbol": "KIMA-USDT",
      "takerOrderId": "6745c650f15b270007a10faa",
      "time": "1732626000050000000",
      "tradeId": "5709684125349913",
      "type": "match",
      "time_received": "13:00:00.1093"
    },
    {
      "makerOrderId": "6745bde6088f010007636e7f",
      "price": "0.2545",
      "sequence": "5709684125349916",
      "side": "buy",
      "size": "982.32",
      "symbol": "KIMA-USDT",
      "takerOrderId": "6745c650f15b270007a10faa",
      "time": "1732626000050000000",
      "tradeId": "5709684125349916",
      "type": "match",
      "time_received": "13:00:00.1706"
    },
    {
      "makerOrderId": "6745bde60d85530007d9e959",
      "price": "0.255",
      "sequence": "5709684125349919",
      "side": "buy",
      "size": "295.1",
      "symbol": "KIMA-USDT",
      "takerOrderId": "6745c650f15b270007a10faa",
      "time": "1732626000050000000",
      "tradeId": "5709684125349919",
      "type": "match",
      "time_received": "13:00:00.1707"
    },
    {
      "makerOrderId": "6745bde60d85530007d9e959",
      "price": "0.255",
      "sequence": "5709684125480961",
      "side": "buy",
      "size": "783.33",
      "symbol": "KIMA-USDT",
      "takerOrderId": "6745c650f15b270007a10f5e",
      "time": "1732626000050000000",
      "tradeId": "5709684125480961",
      "type": "match",
      "time_received": "13:00:00.1707"
    },
    {
      "makerOrderId": "6745bde6cf286a0007f9e41b",
      "price": "0.2555",
      "sequence": "5709684125480964",
      "side": "buy",
      "size": "1174.17",
      "symbol": "KIMA-USDT",
      "takerOrderId": "6745c650f15b270007a10f5e",
      "time": "1732626000050000000",
      "tradeId": "5709684125480964",
      "type": "match",
      "time_received": "13:00:00.1707"
    },
    {
      "makerOrderId": "6745bde6c65bf70007edf139",
      "price": "0.256",
      "sequence": "5709684125480967",
      "side": "buy",
      "size": "1269.53",
      "symbol": "KIMA-USDT",
      "takerOrderId": "6745c650f15b270007a10f5e",
      "time": "1732626000050000000",
      "tradeId": "5709684125480967",
      "type": "match",
      "time_received": "13:00:00.1708"
    },
    {
      "makerOrderId": "6745bde60d85530007d9e95c",
      "price": "0.2565",
      "sequence": "5709684125480970",
      "side": "buy",
      "size": "1364.52",
      "symbol": "KIMA-USDT",
      "takerOrderId": "6745c650f15b270007a10f5e",
      "time": "1732626000050000000",
      "tradeId": "5709684125480970",
      "type": "match",
      "time_received": "13:00:00.1708"
    },
    {
      "makerOrderId": "6745bde631d0950007e613f9",
      "price": "0.257",
      "sequence": "5709684125480973",
      "side": "buy",
      "size": "1138.45",
      "symbol": "KIMA-USDT",
      "takerOrderId": "6745c650f15b270007a10f5e",
      "time": "1732626000050000000",
      "tradeId": "5709684125480973",
      "type": "match",
      "time_received": "13:00:00.1708"
    },
    {
      "makerOrderId": "6745bde631d0950007e613f9",
      "price": "0.257",
      "sequence": "5709684127971329",
      "side": "buy",
      "size": "320.69",
      "symbol": "KIMA-USDT",
      "takerOrderId": "6745c650f15b270007a10f98",
      "time": "1732626000055000000",
      "tradeId": "5709684127971329",
      "type": "match",
      "time_received": "13:00:00.1709"
    },
    {
      "makerOrderId": "6745bde6d52cb80007b8ad2c",
      "price": "0.2575",
      "sequence": "5709684127971332",
      "side": "buy",
      "size": "1553.4",
      "symbol": "KIMA-USDT",
      "takerOrderId": "6745c650f15b270007a10f98",
      "time": "1732626000055000000",
      "tradeId": "5709684127971332",
      "type": "match",
      "time_received": "13:00:00.1709"
    },
    {
      "makerOrderId": "6745bde66967d30007bec8e5",
      "price": "0.258",
      "sequence": "5709684127971335",
      "side": "buy",
      "size": "1647.29",
      "symbol": "KIMA-USDT",
      "takerOrderId": "6745c650f15b270007a10f98",
      "time": "1732626000055000000",
      "tradeId": "5709684127971335",
      "type": "match",
      "time_received": "13:00:00.1709"
    },
    {
      "makerOrderId": "6745bde6ae93cc000783dff1",
      "price": "0.2585",
      "sequence": "5709684127971338",
      "side": "buy",
      "size": "1740.81",
      "symbol": "KIMA-USDT",
      "takerOrderId": "6745c650f15b270007a10f98",
      "time": "1732626000055000000",
      "tradeId": "5709684127971338",
      "type": "match",
      "time_received": "13:00:00.1709"
    },
    {
      "makerOrderId": "6745bde6f4f120000773a0f2",
      "price": "0.259",
      "sequence": "5709684127971341",
      "side": "buy",
      "size": "449.81",
      "symbol": "KIMA-USDT",
      "takerOrderId": "6745c650f15b270007a10f98",
      "time": "1732626000055000000",
      "tradeId": "5709684127971341",
      "type": "match",
      "time_received": "13:00:00.1710"
    },
    {
      "makerOrderId": "6745bde6f4f120000773a0f2",
      "price": "0.259",
      "sequence": "5709684128102401",
      "side": "buy",
      "size": "1384.17",
      "symbol": "KIMA-USDT",
      "takerOrderId": "6745c650f15b270007a10f76",
      "time": "1732626000055000000",
      "tradeId": "5709684128102401",
      "type": "match",
      "time_received": "13:00:00.1710"
    },
    {
      "makerOrderId": "6745bde6f4f120000773a119",
      "price": "0.2595",
      "sequence": "5709684128102404",
      "side": "buy",
      "size": "1926.78",
      "symbol": "KIMA-USDT",
      "takerOrderId": "6745c650f15b270007a10f76",
      "time": "1732626000055000000",
      "tradeId": "5709684128102404",
      "type": "match",
      "time_received": "13:00:00.1711"
    },
    {
      "makerOrderId": "6745bde767cdc9000706ed58",
      "price": "0.642",
      "sequence": "5709684132558849",
      "side": "buy",
      "size": "519.21",
      "symbol": "KIMA-USDT",
      "takerOrderId": "6745c650f15b270007a10f65",
      "time": "1732626000064000000",
      "tradeId": "5709684132558849",
      "type": "match",
      "time_received": "13:00:00.1711"
    },
    {
      "makerOrderId": "6745bde767cdc9000706ed58",
      "price": "0.642",
      "sequence": "5709684159428609",
      "side": "buy",
      "size": "519.21",
      "symbol": "KIMA-USDT",
      "takerOrderId": "6745c650c65bf70007336951",
      "time": "1732626000111000000",
      "tradeId": "5709684159428609",
      "type": "match",
      "time_received": "13:00:00.1713"
    },
    {
      "makerOrderId": "6745bde767cdc9000706ed58",
      "price": "0.642",
      "sequence": "5709684160739329",
      "side": "buy",
      "size": "519.21",
      "symbol": "KIMA-USDT",
      "takerOrderId": "6745c650b7e21a0007645816",
      "time": "1732626000113000000",
      "tradeId": "5709684160739329",
      "type": "match",
      "time_received": "13:00:00.1713"
    },
    {
      "makerOrderId": "6745bde767cdc9000706ed58",
      "price": "0.642",
      "sequence": "5709684164802561",
      "side": "buy",
      "size": "1",
      "symbol": "KIMA-USDT",
      "takerOrderId": "6745c65031d09500072b99ab",
      "time": "1732626000126000000",
      "tradeId": "5709684164802561",
      "type": "match",
      "time_received": "13:00:00.1738"
    },
    {
      "makerOrderId": "6745bde767cdc9000706ed58",
      "price": "0.642",
      "sequence": "5709684166637569",
      "side": "buy",
      "size": "1",
      "symbol": "KIMA-USDT",
      "takerOrderId": "6745c650df6f6e000774aecb",
      "time": "1732626000129000000",
      "tradeId": "5709684166637569",
      "type": "match",
      "time_received": "13:00:00.1739"
    },
    {
      "makerOrderId": "6745bde767cdc9000706ed58",
      "price": "0.642",
      "sequence": "5709684179744769",
      "side": "buy",
      "size": "3333",
      "symbol": "KIMA-USDT",
      "takerOrderId": "6745c650f15b270007a111c3",
      "time": "1732626000160000000",
      "tradeId": "5709684179744769",
      "type": "match",
      "time_received": "13:00:00.2073"
    },
    {
      "makerOrderId": "6745bde767cdc9000706ed58",
      "price": "0.642",
      "sequence": "5709684182366209",
      "side": "buy",
      "size": "1",
      "symbol": "KIMA-USDT",
      "takerOrderId": "6745c6504fe7460007fb5717",
      "time": "1732626000166000000",
      "tradeId": "5709684182366209",
      "type": "match",
      "time_received": "13:00:00.2194"
    },
    {
      "makerOrderId": "6745bde767cdc9000706ed58",
      "price": "0.642",
      "sequence": "5709684183808001",
      "side": "buy",
      "size": "1",
      "symbol": "KIMA-USDT",
      "takerOrderId": "6745c650c65bf70007336ab4",
      "time": "1732626000169000000",
      "tradeId": "5709684183808001",
      "type": "match",
      "time_received": "13:00:00.2243"
    },
    {
      "makerOrderId": "6745bde767cdc9000706ed58",
      "price": "0.642",
      "sequence": "5709684184332289",
      "side": "buy",
      "size": "1120",
      "symbol": "KIMA-USDT",
      "takerOrderId": "6745c65031d09500072b9a5b",
      "time": "1732626000170000000",
      "tradeId": "5709684184332289",
      "type": "match",
      "time_received": "13:00:00.2249"
    },
    {
      "makerOrderId": "6745bde767cdc9000706ed58",
      "price": "0.642",
      "sequence": "5709684204386305",
      "side": "buy",
      "size": "1",
      "symbol": "KIMA-USDT",
      "takerOrderId": "6745c650f15b270007a11286",
      "time": "1732626000211000000",
      "tradeId": "5709684204386305",
      "type": "match",
      "time_received": "13:00:00.2572"
    },
    {
      "makerOrderId": "6745bde767cdc9000706ed58",
      "price": "0.642",
      "sequence": "5709684211202049",
      "side": "buy",
      "size": "3100",
      "symbol": "KIMA-USDT",
      "takerOrderId": "6745c650088f010007a8ee24",
      "time": "1732626000226000000",
      "tradeId": "5709684211202049",
      "type": "match",
      "time_received": "13:00:00.2717"
    },
    {
      "makerOrderId": "6745bde767cdc9000706ed58",
      "price": "0.642",
      "sequence": "5709684216182785",
      "side": "buy",
      "size": "1",
      "symbol": "KIMA-USDT",
      "takerOrderId": "6745c6500d855300071f6786",
      "time": "1732626000235000000",
      "tradeId": "5709684216182785",
      "type": "match",
      "time_received": "13:00:00.2834"
    },
    {
      "makerOrderId": "6745bde767cdc9000706ed58",
      "price": "0.642",
      "sequence": "5709684216444929",
      "side": "buy",
      "size": "1",
      "symbol": "KIMA-USDT",
      "takerOrderId": "6745c65068486d00078a8267",
      "time": "1732626000235000000",
      "tradeId": "5709684216444929",
      "type": "match",
      "time_received": "13:00:00.2837"
    },
    {
      "makerOrderId": "6745bde767cdc9000706ed58",
      "price": "0.642",
      "sequence": "5709684216838145",
      "side": "buy",
      "size": "400",
      "symbol": "KIMA-USDT",
      "takerOrderId": "6745c65031d09500072b9b20",
      "time": "1732626000237000000",
      "tradeId": "5709684216838145",
      "type": "match",
      "time_received": "13:00:00.2837"
    },
    {
      "makerOrderId": "6745bde767cdc9000706ed58",
      "price": "0.642",
      "sequence": "5709684224440321",
      "side": "buy",
      "size": "1",
      "symbol": "KIMA-USDT",
      "takerOrderId": "6745c650f15b270007a1134a",
      "time": "1732626000252000000",
      "tradeId": "5709684224440321",
      "type": "match",
      "time_received": "13:00:00.3006"
    },
    {
      "makerOrderId": "6745bde767cdc9000706ed58",
      "price": "0.642",
      "sequence": "5709684225357825",
      "side": "buy",
      "size": "1347",
      "symbol": "KIMA-USDT",
      "takerOrderId": "6745c65068486d00078a82bc",
      "time": "1732626000255000000",
      "tradeId": "5709684225357825",
      "type": "match",
      "time_received": "13:00:00.3007"
    },
    {
      "makerOrderId": "6745bde767cdc9000706ed58",
      "price": "0.642",
      "sequence": "5709684230469633",
      "side": "buy",
      "size": "1",
      "symbol": "KIMA-USDT",
      "takerOrderId": "6745c650c65bf70007336c4f",
      "time": "1732626000270000000",
      "tradeId": "5709684230469633",
      "type": "match",
      "time_received": "13:00:00.3163"
    },
    {
      "makerOrderId": "6745bde767cdc9000706ed58",
      "price": "0.642",
      "sequence": "5709684235319297",
      "side": "buy",
      "size": "1",
      "symbol": "KIMA-USDT",
      "takerOrderId": "6745c6500d855300071f6880",
      "time": "1732626000284000000",
      "tradeId": "5709684235319297",
      "type": "match",
      "time_received": "13:00:00.3304"
    },
    {
      "makerOrderId": "6745bde767cdc9000706ed58",
      "price": "0.642",
      "sequence": "5709684238989313",
      "side": "buy",
      "size": "1",
      "symbol": "KIMA-USDT",
      "takerOrderId": "6745c650b7e21a0007645b4a",
      "time": "1732626000291000000",
      "tradeId": "5709684238989313",
      "type": "match",
      "time_received": "13:00:00.3420"
    },
    {
      "makerOrderId": "6745bde767cdc9000706ed58",
      "price": "0.642",
      "sequence": "5709684251047937",
      "side": "buy",
      "size": "1",
      "symbol": "KIMA-USDT",
      "takerOrderId": "6745c65068486d00078a83dd",
      "time": "1732626000308000000",
      "tradeId": "5709684251047937",
      "type": "match",
      "time_received": "13:00:00.3568"
    },
    {
      "makerOrderId": "6745bde767cdc9000706ed58",
      "price": "0.642",
      "sequence": "5709684262057985",
      "side": "buy",
      "size": "1",
      "symbol": "KIMA-USDT",
      "takerOrderId": "6745c650c65bf70007336d4f",
      "time": "1732626000325000000",
      "tradeId": "5709684262057985",
      "type": "match",
      "time_received": "13:00:00.3739"
    },
    {
      "makerOrderId": "6745bde767cdc9000706ed58",
      "price": "0.642",
      "sequence": "5709684264810497",
      "side": "buy",
      "size": "1",
      "symbol": "KIMA-USDT",
      "takerOrderId": "6745c65068486d00078a844e",
      "time": "1732626000328000000",
      "tradeId": "5709684264810497",
      "type": "match",
      "time_received": "13:00:00.3742"
    },
    {
      "makerOrderId": "6745bde767cdc9000706ed58",
      "price": "0.642",
      "sequence": "5709684284733441",
      "side": "buy",
      "size": "1",
      "symbol": "KIMA-USDT",
      "takerOrderId": "6745c650f4f1200007b91ea3",
      "time": "1732626000352000000",
      "tradeId": "5709684284733441",
      "type": "match",
      "time_received": "13:00:00.4006"
    },
    {
      "makerOrderId": "6745bde767cdc9000706ed58",
      "price": "0.642",
      "sequence": "5709684303738881",
      "side": "buy",
      "size": "127.37",
      "symbol": "KIMA-USDT",
      "takerOrderId": "6745c650b7e21a0007645cb2",
      "time": "1732626000380000000",
      "tradeId": "5709684303738881",
      "type": "match",
      "time_received": "13:00:00.4322"
    },
    {
      "makerOrderId": "6745bde767cdc9000706ed2b",
      "price": "0.6548",
      "sequence": "5709684303738884",
      "side": "buy",
      "size": "4014.63",
      "symbol": "KIMA-USDT",
      "takerOrderId": "6745c650b7e21a0007645cb2",
      "time": "1732626000380000000",
      "tradeId": "5709684303738884",
      "type": "match",
      "time_received": "13:00:00.4323"
    },
    {
      "makerOrderId": "6745bde767cdc9000706ed2b",
      "price": "0.6548",
      "sequence": "5709684343453697",
      "side": "buy",
      "size": "1",
      "symbol": "KIMA-USDT",
      "takerOrderId": "6745c650b7e21a0007645e55",
      "time": "1732626000416000000",
      "tradeId": "5709684343453697",
      "type": "match",
      "time_received": "13:00:00.4646"
    },
    {
      "makerOrderId": "6745bde767cdc9000706ed2b",
      "price": "0.6548",
      "sequence": "5709684352497665",
      "side": "buy",
      "size": "1",
      "symbol": "KIMA-USDT",
      "takerOrderId": "6745c650f4f1200007b920fd",
      "time": "1732626000425000000",
      "tradeId": "5709684352497665",
      "type": "match",
      "time_received": "13:00:00.4715"
    },
    {
      "makerOrderId": "6745bde767cdc9000706ed2b",
      "price": "0.6548",
      "sequence": "5709684354725889",
      "side": "buy",
      "size": "1",
      "symbol": "KIMA-USDT",
      "takerOrderId": "6745c65068486d00078a86f1",
      "time": "1732626000427000000",
      "tradeId": "5709684354725889",
      "type": "match",
      "time_received": "13:00:00.4757"
    },
    {
      "makerOrderId": "6745bde767cdc9000706ed2b",
      "price": "0.6548",
      "sequence": "5709684357478401",
      "side": "buy",
      "size": "1",
      "symbol": "KIMA-USDT",
      "takerOrderId": "6745c650ae93cc0007c96093",
      "time": "1732626000430000000",
      "tradeId": "5709684357478401",
      "type": "match",
      "time_received": "13:00:00.4760"
    },
    {
      "makerOrderId": "6745bde767cdc9000706ed2b",
      "price": "0.6548",
      "sequence": "5709684358133761",
      "side": "buy",
      "size": "1",
      "symbol": "KIMA-USDT",
      "takerOrderId": "6745c650f15b270007a11773",
      "time": "1732626000431000000",
      "tradeId": "5709684358133761",
      "type": "match",
      "time_received": "13:00:00.4760"
    },
    {
      "makerOrderId": "6745bde767cdc9000706ed2b",
      "price": "0.6548",
      "sequence": "5709684371896321",
      "side": "buy",
      "size": "1",
      "symbol": "KIMA-USDT",
      "takerOrderId": "6745c65067cdc900074c7d70",
      "time": "1732626000442000000",
      "tradeId": "5709684371896321",
      "type": "match",
      "time_received": "13:00:00.4922"
    },
    {
      "makerOrderId": "6745bde767cdc9000706ed2b",
      "price": "0.6548",
      "sequence": "5709684372158465",
      "side": "buy",
      "size": "1",
      "symbol": "KIMA-USDT",
      "takerOrderId": "6745c650ae93cc0007c96101",
      "time": "1732626000442000000",
      "tradeId": "5709684372158465",
      "type": "match",
      "time_received": "13:00:00.4922"
    },
    {
      "makerOrderId": "6745bde767cdc9000706ed2b",
      "price": "0.6548",
      "sequence": "5709684383954945",
      "side": "buy",
      "size": "1",
      "symbol": "KIMA-USDT",
      "takerOrderId": "6745c6501586c100079f29cc",
      "time": "1732626000456000000",
      "tradeId": "5709684383954945",
      "type": "match",
      "time_received": "13:00:00.5033"
    },
    {
      "makerOrderId": "6745bde767cdc9000706ed2b",
      "price": "0.6548",
      "sequence": "5709684384086017",
      "side": "buy",
      "size": "1",
      "symbol": "KIMA-USDT",
      "takerOrderId": "6745c650d52cb80007fe3a17",
      "time": "1732626000456000000",
      "tradeId": "5709684384086017",
      "type": "match",
      "time_received": "13:00:00.5034"
    },
    {
      "makerOrderId": "6745bde767cdc9000706ed2b",
      "price": "0.6548",
      "sequence": "5709684409645057",
      "side": "buy",
      "size": "1",
      "symbol": "KIMA-USDT",
      "takerOrderId": "6745c650088f010007a8f444",
      "time": "1732626000487000000",
      "tradeId": "5709684409645057",
      "type": "match",
      "time_received": "13:00:00.5364"
    },
    {
      "makerOrderId": "6745bde767cdc9000706ed2b",
      "price": "0.6548",
      "sequence": "5709684431403009",
      "side": "buy",
      "size": "1",
      "symbol": "KIMA-USDT",
      "takerOrderId": "6745c6500d855300071f6e4b",
      "time": "1732626000511000000",
      "tradeId": "5709684431403009",
      "type": "match",
      "time_received": "13:00:00.5579"
    },
    {
      "makerOrderId": "6745bde767cdc9000706ed2b",
      "price": "0.6548",
      "sequence": "5709684447131649",
      "side": "buy",
      "size": "1",
      "symbol": "KIMA-USDT",
      "takerOrderId": "6745c650ae93cc0007c96374",
      "time": "1732626000530000000",
      "tradeId": "5709684447131649",
      "type": "match",
      "time_received": "13:00:00.5791"
    },
    {
      "makerOrderId": "6745bde767cdc9000706ed2b",
      "price": "0.6548",
      "sequence": "5709684460369921",
      "side": "buy",
      "size": "1",
      "symbol": "KIMA-USDT",
      "takerOrderId": "6745c650ae93cc0007c963d3",
      "time": "1732626000547000000",
      "tradeId": "5709684460369921",
      "type": "match",
      "time_received": "13:00:00.5965"
    },
    {
      "makerOrderId": "6745bde767cdc9000706ed2b",
      "price": "0.6548",
      "sequence": "5709684472821761",
      "side": "buy",
      "size": "1",
      "symbol": "KIMA-USDT",
      "takerOrderId": "6745c65068486d00078a8a83",
      "time": "1732626000570000000",
      "tradeId": "5709684472821761",
      "type": "match",
      "time_received": "13:00:00.6165"
    },
    {
      "makerOrderId": "6745bde767cdc9000706ed2b",
      "price": "0.6548",
      "sequence": "5709684488550401",
      "side": "buy",
      "size": "1",
      "symbol": "KIMA-USDT",
      "takerOrderId": "6745c65037061e00074502a6",
      "time": "1732626000593000000",
      "tradeId": "5709684488550401",
      "type": "match",
      "time_received": "13:00:00.6466"
    },
    {
      "makerOrderId": "6745bde767cdc9000706ed2b",
      "price": "0.6548",
      "sequence": "5709684495104001",
      "side": "buy",
      "size": "1",
      "symbol": "KIMA-USDT",
      "takerOrderId": "6745c6501586c100079f2ddb",
      "time": "1732626000604000000",
      "tradeId": "5709684495104001",
      "type": "match",
      "time_received": "13:00:00.6536"
    },
    {
      "makerOrderId": "6745bde767cdc9000706ed2b",
      "price": "0.6548",
      "sequence": "5709684495235073",
      "side": "buy",
      "size": "1",
      "symbol": "KIMA-USDT",
      "takerOrderId": "6745c650f4a7c500079b01d7",
      "time": "1732626000604000000",
      "tradeId": "5709684495235073",
      "type": "match",
      "time_received": "13:00:00.6540"
    },
    {
      "makerOrderId": "6745bde767cdc9000706ed2b",
      "price": "0.6548",
      "sequence": "5709684501264385",
      "side": "buy",
      "size": "1",
      "symbol": "KIMA-USDT",
      "takerOrderId": "6745c650f4f1200007b9254e",
      "time": "1732626000612000000",
      "tradeId": "5709684501264385",
      "type": "match",
      "time_received": "13:00:00.6596"
    },
    {
      "makerOrderId": "6745bde767cdc9000706ed2b",
      "price": "0.6548",
      "sequence": "5709684503099393",
      "side": "buy",
      "size": "1",
      "symbol": "KIMA-USDT",
      "takerOrderId": "6745c65031d09500072ba411",
      "time": "1732626000615000000",
      "tradeId": "5709684503099393",
      "type": "match",
      "time_received": "13:00:00.6640"
    },
    {
      "makerOrderId": "6745bde767cdc9000706ed2b",
      "price": "0.6548",
      "sequence": "5709684505851905",
      "side": "buy",
      "size": "1",
      "symbol": "KIMA-USDT",
      "takerOrderId": "6745c650d52cb80007fe3e45",
      "time": "1732626000622000000",
      "tradeId": "5709684505851905",
      "type": "match",
      "time_received": "13:00:00.6700"
    },
    {
      "makerOrderId": "6745bde767cdc9000706ed2b",
      "price": "0.6548",
      "sequence": "5709684505982977",
      "side": "buy",
      "size": "1",
      "symbol": "KIMA-USDT",
      "takerOrderId": "6745c650d52cb80007fe3e48",
      "time": "1732626000622000000",
      "tradeId": "5709684505982977",
      "type": "match",
      "time_received": "13:00:00.6702"
    },
    {
      "makerOrderId": "6745bde767cdc9000706ed2b",
      "price": "0.6548",
      "sequence": "5709684522104833",
      "side": "buy",
      "size": "1",
      "symbol": "KIMA-USDT",
      "takerOrderId": "6745c650df6f6e000774ba04",
      "time": "1732626000651000000",
      "tradeId": "5709684522104833",
      "type": "match",
      "time_received": "13:00:00.6977"
    },
    {
      "makerOrderId": "6745bde767cdc9000706ed2b",
      "price": "0.6548",
      "sequence": "5709684522366977",
      "side": "buy",
      "size": "1",
      "symbol": "KIMA-USDT",
      "takerOrderId": "6745c65068486d00078a8bec",
      "time": "1732626000651000000",
      "tradeId": "5709684522366977",
      "type": "match",
      "time_received": "13:00:00.6978"
    },
    {
      "makerOrderId": "6745bde767cdc9000706ed2b",
      "price": "0.6548",
      "sequence": "5709684543731713",
      "side": "buy",
      "size": "1",
      "symbol": "KIMA-USDT",
      "takerOrderId": "6745c65067cdc900074c830d",
      "time": "1732626000688000000",
      "tradeId": "5709684543731713",
      "type": "match",
      "time_received": "13:00:00.7364"
    },
    {
      "makerOrderId": "6745bde767cdc9000706ed2b",
      "price": "0.6548",
      "sequence": "5709684547401729",
      "side": "buy",
      "size": "1",
      "symbol": "KIMA-USDT",
      "takerOrderId": "6745c650f4f1200007b926bd",
      "time": "1732626000694000000",
      "tradeId": "5709684547401729",
      "type": "match",
      "time_received": "13:00:00.7415"
    },
    {
      "makerOrderId": "6745bde767cdc9000706ed2b",
      "price": "0.6548",
      "sequence": "5709684550940673",
      "side": "buy",
      "size": "1",
      "symbol": "KIMA-USDT",
      "takerOrderId": "6745c650df6f6e000774baeb",
      "time": "1732626000698000000",
      "tradeId": "5709684550940673",
      "type": "match",
      "time_received": "13:00:00.7464"
    },
    {
      "makerOrderId": "6745bde767cdc9000706ed2b",
      "price": "0.6548",
      "sequence": "5709684552251393",
      "side": "buy",
      "size": "1",
      "symbol": "KIMA-USDT",
      "takerOrderId": "6745c65068486d00078a8ccd",
      "time": "1732626000701000000",
      "tradeId": "5709684552251393",
      "type": "match",
      "time_received": "13:00:00.7465"
    },
    {
      "makerOrderId": "6745bde767cdc9000706ed2b",
      "price": "0.6548",
      "sequence": "5709684561819649",
      "side": "buy",
      "size": "1",
      "symbol": "KIMA-USDT",
      "takerOrderId": "6745c650f1bf400007952aaf",
      "time": "1732626000718000000",
      "tradeId": "5709684561819649",
      "type": "match",
      "time_received": "13:00:00.7627"
    },
    {
      "makerOrderId": "6745bde767cdc9000706ed2b",
      "price": "0.6548",
      "sequence": "5709684566669313",
      "side": "buy",
      "size": "1",
      "symbol": "KIMA-USDT",
      "takerOrderId": "6745c650f4f1200007b92744",
      "time": "1732626000726000000",
      "tradeId": "5709684566669313",
      "type": "match",
      "time_received": "13:00:00.7783"
    },
    {
      "makerOrderId": "6745bde767cdc9000706ed2b",
      "price": "0.6548",
      "sequence": "5709684576892929",
      "side": "buy",
      "size": "1",
      "symbol": "KIMA-USDT",
      "takerOrderId": "6745c650f15b270007a11dce",
      "time": "1732626000741000000",
      "tradeId": "5709684576892929",
      "type": "match",
      "time_received": "13:00:00.7893"
    },
    {
      "makerOrderId": "6745bde767cdc9000706ed2b",
      "price": "0.6548",
      "sequence": "5709684577024001",
      "side": "buy",
      "size": "1",
      "symbol": "KIMA-USDT",
      "takerOrderId": "6745c650df6f6e000774bb9c",
      "time": "1732626000741000000",
      "tradeId": "5709684577024001",
      "type": "match",
      "time_received": "13:00:00.7942"
    },
    {
      "makerOrderId": "6745bde767cdc9000706ed2b",
      "price": "0.6548",
      "sequence": "5709684579121153",
      "side": "buy",
      "size": "1",
      "symbol": "KIMA-USDT",
      "takerOrderId": "6745c6500d855300071f72b6",
      "time": "1732626000746000000",
      "tradeId": "5709684579121153",
      "type": "match",
      "time_received": "13:00:00.8003"
    },
    {
      "makerOrderId": "6745bde767cdc9000706ed2b",
      "price": "0.6548",
      "sequence": "5709684591704065",
      "side": "buy",
      "size": "1",
      "symbol": "KIMA-USDT",
      "takerOrderId": "6745c6506967d3000704539a",
      "time": "1732626000766000000",
      "tradeId": "5709684591704065",
      "type": "match",
      "time_received": "13:00:00.8126"
    },
    {
      "makerOrderId": "6745bde767cdc9000706ed2b",
      "price": "0.6548",
      "sequence": "5709684596160513",
      "side": "buy",
      "size": "1",
      "symbol": "KIMA-USDT",
      "takerOrderId": "6745c650c5ba74000789335d",
      "time": "1732626000773000000",
      "tradeId": "5709684596160513",
      "type": "match",
      "time_received": "13:00:00.8188"
    },
    {
      "makerOrderId": "6745bde767cdc9000706ed2b",
      "price": "0.6548",
      "sequence": "5709684601796609",
      "side": "buy",
      "size": "1",
      "symbol": "KIMA-USDT",
      "takerOrderId": "6745c6504fe7460007fb63ad",
      "time": "1732626000782000000",
      "tradeId": "5709684601796609",
      "type": "match",
      "time_received": "13:00:00.8289"
    },
    {
      "makerOrderId": "6745bde767cdc9000706ed2b",
      "price": "0.6548",
      "sequence": "5709684610578433",
      "side": "buy",
      "size": "1",
      "symbol": "KIMA-USDT",
      "takerOrderId": "6745c6501586c100079f30e6",
      "time": "1732626000799000000",
      "tradeId": "5709684610578433",
      "type": "match",
      "time_received": "13:00:00.8455"
    },
    {
      "makerOrderId": "6745bde767cdc9000706ed2b",
      "price": "0.6548",
      "sequence": "5709684620408833",
      "side": "buy",
      "size": "1",
      "symbol": "KIMA-USDT",
      "takerOrderId": "6745c650f4a7c500079b0550",
      "time": "1732626000816000000",
      "tradeId": "5709684620408833",
      "type": "match",
      "time_received": "13:00:00.8622"
    },
    {
      "makerOrderId": "6745bde767cdc9000706ed2b",
      "price": "0.6548",
      "sequence": "5709684623030273",
      "side": "buy",
      "size": "1",
      "symbol": "KIMA-USDT",
      "takerOrderId": "6745c650df6f6e000774bced",
      "time": "1732626000822000000",
      "tradeId": "5709684623030273",
      "type": "match",
      "time_received": "13:00:00.8679"
    },
    {
      "makerOrderId": "6745bde767cdc9000706ed2b",
      "price": "0.6548",
      "sequence": "5709684623292417",
      "side": "buy",
      "size": "1",
      "symbol": "KIMA-USDT",
      "takerOrderId": "6745c650d52cb80007fe419a",
      "time": "1732626000822000000",
      "tradeId": "5709684623292417",
      "type": "match",
      "time_received": "13:00:00.8680"
    },
    {
      "makerOrderId": "6745c650c5ba7400078933a8",
      "price": "0.6321",
      "sequence": "5709684627486721",
      "side": "sell",
      "size": "1",
      "symbol": "KIMA-USDT",
      "takerOrderId": "6745c650b7e21a0007646679",
      "time": "1732626000830000000",
      "tradeId": "5709684627486721",
      "type": "match",
      "time_received": "13:00:00.8794"
    },
    {
      "makerOrderId": "6745bde767cdc9000706ed2b",
      "price": "0.6548",
      "sequence": "5709684629321729",
      "side": "buy",
      "size": "1",
      "symbol": "KIMA-USDT",
      "takerOrderId": "6745c650df6f6e000774bd1f",
      "time": "1732626000831000000",
      "tradeId": "5709684629321729",
      "type": "match",
      "time_received": "13:00:00.8795"
    },
    {
      "makerOrderId": "6745bde767cdc9000706ed2b",
      "price": "0.6548",
      "sequence": "5709684630501377",
      "side": "buy",
      "size": "1",
      "symbol": "KIMA-USDT",
      "takerOrderId": "6745c65037061e00074506ac",
      "time": "1732626000833000000",
      "tradeId": "5709684630501377",
      "type": "match",
      "time_received": "13:00:00.8796"
    },
    {
      "makerOrderId": "6745bde767cdc9000706ed2b",
      "price": "0.6548",
      "sequence": "5709684632991745",
      "side": "buy",
      "size": "1",
      "symbol": "KIMA-USDT",
      "takerOrderId": "6745c650b7e21a000764669a",
      "time": "1732626000837000000",
      "tradeId": "5709684632991745",
      "type": "match",
      "time_received": "13:00:00.8836"
    },
    {
      "makerOrderId": "6745bde767cdc9000706ed2b",
      "price": "0.6548",
      "sequence": "5709684634171393",
      "side": "buy",
      "size": "1",
      "symbol": "KIMA-USDT",
      "takerOrderId": "6745c650d52cb80007fe41ff",
      "time": "1732626000841000000",
      "tradeId": "5709684634171393",
      "type": "match",
      "time_received": "13:00:00.8896"
    },
    {
      "makerOrderId": "6745bde767cdc9000706ed2b",
      "price": "0.6548",
      "sequence": "5709684634695681",
      "side": "buy",
      "size": "1",
      "symbol": "KIMA-USDT",
      "takerOrderId": "6745c6504fe7460007fb64ab",
      "time": "1732626000842000000",
      "tradeId": "5709684634695681",
      "type": "match",
      "time_received": "13:00:00.8898"
    },
    {
      "makerOrderId": "6745bde767cdc9000706ed2b",
      "price": "0.6548",
      "sequence": "5709684639807489",
      "side": "buy",
      "size": "1",
      "symbol": "KIMA-USDT",
      "takerOrderId": "6745c650f4a7c500079b05e8",
      "time": "1732626000850000000",
      "tradeId": "5709684639807489",
      "type": "match",
      "time_received": "13:00:00.8954"
    },
    {
      "makerOrderId": "6745bde767cdc9000706ed2b",
      "price": "0.6548",
      "sequence": "5709684648720385",
      "side": "buy",
      "size": "1",
      "symbol": "KIMA-USDT",
      "takerOrderId": "6745c65037061e0007450755",
      "time": "1732626000870000000",
      "tradeId": "5709684648720385",
      "type": "match",
      "time_received": "13:00:00.9190"
    },
    {
      "makerOrderId": "6745bde767cdc9000706ed2b",
      "price": "0.6548",
      "sequence": "5709684674934785",
      "side": "buy",
      "size": "1",
      "symbol": "KIMA-USDT",
      "takerOrderId": "6745c6500d855300071f751a",
      "time": "1732626000883000000",
      "tradeId": "5709684674934785",
      "type": "match",
      "time_received": "13:00:00.9295"
    },
    {
      "makerOrderId": "6745bde767cdc9000706ed2b",
      "price": "0.6548",
      "sequence": "5709684681881601",
      "side": "buy",
      "size": "1",
      "symbol": "KIMA-USDT",
      "takerOrderId": "6745c6500d855300071f755c",
      "time": "1732626000894000000",
      "tradeId": "5709684681881601",
      "type": "match",
      "time_received": "13:00:00.9438"
    },
    {
      "makerOrderId": "6745bde767cdc9000706ed2b",
      "price": "0.6548",
      "sequence": "5709684690532353",
      "side": "buy",
      "size": "1",
      "symbol": "KIMA-USDT",
      "takerOrderId": "6745c650f4a7c500079b0730",
      "time": "1732626000910000000",
      "tradeId": "5709684690532353",
      "type": "match",
      "time_received": "13:00:00.9593"
    },
    {
      "makerOrderId": "6745bde767cdc9000706ed2b",
      "price": "0.6548",
      "sequence": "5709684696561665",
      "side": "buy",
      "size": "1",
      "symbol": "KIMA-USDT",
      "takerOrderId": "6745c650f1bf400007952e6e",
      "time": "1732626000920000000",
      "tradeId": "5709684696561665",
      "type": "match",
      "time_received": "13:00:00.9663"
    },
    {
      "makerOrderId": "6745bde767cdc9000706ed2b",
      "price": "0.6548",
      "sequence": "5709684696692737",
      "side": "buy",
      "size": "1",
      "symbol": "KIMA-USDT",
      "takerOrderId": "6745c65031d09500072ba9c4",
      "time": "1732626000920000000",
      "tradeId": "5709684696692737",
      "type": "match",
      "time_received": "13:00:00.9664"
    },
    {
      "makerOrderId": "6745bde767cdc9000706ed2b",
      "price": "0.6548",
      "sequence": "5709684699183105",
      "side": "buy",
      "size": "1",
      "symbol": "KIMA-USDT",
      "takerOrderId": "6745c65067cdc900074c875c",
      "time": "1732626000921000000",
      "tradeId": "5709684699183105",
      "type": "match",
      "time_received": "13:00:00.9667"
    },
    {
      "makerOrderId": "6745bde767cdc9000706ed2b",
      "price": "0.6548",
      "sequence": "5709684704557057",
      "side": "buy",
      "size": "1",
      "symbol": "KIMA-USDT",
      "takerOrderId": "6745c6500d855300071f7633",
      "time": "1732626000929000000",
      "tradeId": "5709684704557057",
      "type": "match",
      "time_received": "13:00:00.9763"
    },
    {
      "makerOrderId": "6745bde767cdc9000706ed2b",
      "price": "0.6548",
      "sequence": "5709684704688129",
      "side": "buy",
      "size": "1",
      "symbol": "KIMA-USDT",
      "takerOrderId": "6745c650ae93cc0007c96ae5",
      "time": "1732626000930000000",
      "tradeId": "5709684704688129",
      "type": "match",
      "time_received": "13:00:00.9764"
    },
    {
      "makerOrderId": "6745bde767cdc9000706ed2b",
      "price": "0.6548",
      "sequence": "5709684706785281",
      "side": "buy",
      "size": "1",
      "symbol": "KIMA-USDT",
      "takerOrderId": "6745c650ae93cc0007c96af1",
      "time": "1732626000933000000",
      "tradeId": "5709684706785281",
      "type": "match",
      "time_received": "13:00:00.9865"
    },
    {
      "makerOrderId": "6745bde767cdc9000706ed2b",
      "price": "0.6548",
      "sequence": "5709684706916353",
      "side": "buy",
      "size": "1",
      "symbol": "KIMA-USDT",
      "takerOrderId": "6745c6506967d300070456ec",
      "time": "1732626000933000000",
      "tradeId": "5709684706916353",
      "type": "match",
      "time_received": "13:00:00.9867"
    },
    {
      "makerOrderId": "6745bde767cdc9000706ed2b",
      "price": "0.6548",
      "sequence": "5709684730640385",
      "side": "buy",
      "size": "1",
      "symbol": "KIMA-USDT",
      "takerOrderId": "6745c6501586c100079f346d",
      "time": "1732626000966000000",
      "tradeId": "5709684730640385",
      "type": "match",
      "time_received": "13:00:01.0139"
    },
    {
      "makerOrderId": "6745bde767cdc9000706ed2b",
      "price": "0.6548",
      "sequence": "5709684730771457",
      "side": "buy",
      "size": "1",
      "symbol": "KIMA-USDT",
      "takerOrderId": "6745c65067cdc900074c8843",
      "time": "1732626000966000000",
      "tradeId": "5709684730771457",
      "type": "match",
      "time_received": "13:00:01.0141"
    },
    {
      "makerOrderId": "6745bde767cdc9000706ed2b",
      "price": "0.6548",
      "sequence": "5709684732999681",
      "side": "buy",
      "size": "1",
      "symbol": "KIMA-USDT",
      "takerOrderId": "6745c650f4f1200007b92beb",
      "time": "1732626000970000000",
      "tradeId": "5709684732999681",
      "type": "match",
      "time_received": "13:00:01.0274"
    },
    {
      "makerOrderId": "6745bde767cdc9000706ed2b",
      "price": "0.6548",
      "sequence": "5709684733261825",
      "side": "buy",
      "size": "1",
      "symbol": "KIMA-USDT",
      "takerOrderId": "6745c6504fe7460007fb6777",
      "time": "1732626000970000000",
      "tradeId": "5709684733261825",
      "type": "match",
      "time_received": "13:00:01.0275"
    },
    {
      "makerOrderId": "6745bde767cdc9000706ed2b",
      "price": "0.6548",
      "sequence": "5709684756068353",
      "side": "buy",
      "size": "1",
      "symbol": "KIMA-USDT",
      "takerOrderId": "6745c6511586c100079f3538",
      "time": "1732626001011000000",
      "tradeId": "5709684756068353",
      "type": "match",
      "time_received": "13:00:01.0573"
    },
    {
      "makerOrderId": "6745bde767cdc9000706ed2b",
      "price": "0.6548",
      "sequence": "5709684774025217",
      "side": "buy",
      "size": "1",
      "symbol": "KIMA-USDT",
      "takerOrderId": "6745c651088f010007a8fee9",
      "time": "1732626001045000000",
      "tradeId": "5709684774025217",
      "type": "match",
      "time_received": "13:00:01.1006"
    },
    {
      "makerOrderId": "6745bde767cdc9000706ed2b",
      "price": "0.6548",
      "sequence": "5709684778088449",
      "side": "buy",
      "size": "1",
      "symbol": "KIMA-USDT",
      "takerOrderId": "6745c65167cdc900074c89a8",
      "time": "1732626001055000000",
      "tradeId": "5709684778088449",
      "type": "match",
      "time_received": "13:00:01.1044"
    },
    {
      "makerOrderId": "6745bde767cdc9000706ed2b",
      "price": "0.6548",
      "sequence": "5709684779530241",
      "side": "buy",
      "size": "1",
      "symbol": "KIMA-USDT",
      "takerOrderId": "6745c651b7e21a0007646ade",
      "time": "1732626001057000000",
      "tradeId": "5709684779530241",
      "type": "match",
      "time_received": "13:00:01.1070"
    },
    {
      "makerOrderId": "6745bde767cdc9000706ed2b",
      "price": "0.6548",
      "sequence": "5709684779923457",
      "side": "buy",
      "size": "15.27",
      "symbol": "KIMA-USDT",
      "takerOrderId": "6745c65167cdc900074c89c9",
      "time": "1732626001058000000",
      "tradeId": "5709684779923457",
      "type": "match",
      "time_received": "13:00:01.1120"
    },
    {
      "makerOrderId": "6745bde767cdc9000706ed2b",
      "price": "0.6548",
      "sequence": "5709684786739201",
      "side": "buy",
      "size": "1",
      "symbol": "KIMA-USDT",
      "takerOrderId": "6745c651088f010007a8ff5a",
      "time": "1732626001068000000",
      "tradeId": "5709684786739201",
      "type": "match",
      "time_received": "13:00:01.1168"
    },
    {
      "makerOrderId": "6745bde767cdc9000706ed2b",
      "price": "0.6548",
      "sequence": "5709684801681409",
      "side": "buy",
      "size": "1",
      "symbol": "KIMA-USDT",
      "takerOrderId": "6745c6516967d300070459ae",
      "time": "1732626001088000000",
      "tradeId": "5709684801681409",
      "type": "match",
      "time_received": "13:00:01.1353"
    },
    {
      "makerOrderId": "6745bde767cdc9000706ed2b",
      "price": "0.6548",
      "sequence": "5709684814919681",
      "side": "buy",
      "size": "1",
      "symbol": "KIMA-USDT",
      "takerOrderId": "6745c651d52cb80007fe46ec",
      "time": "1732626001107000000",
      "tradeId": "5709684814919681",
      "type": "match",
      "time_received": "13:00:01.1560"
    },
    {
      "makerOrderId": "6745bde767cdc9000706ed2b",
      "price": "0.6548",
      "sequence": "5709684826978305",
      "side": "buy",
      "size": "1",
      "symbol": "KIMA-USDT",
      "takerOrderId": "6745c6516967d30007045a55",
      "time": "1732626001135000000",
      "tradeId": "5709684826978305",
      "type": "match",
      "time_received": "13:00:01.1836"
    },
    {
      "makerOrderId": "6745c650c5ba7400078933a8",
      "price": "0.6321",
      "sequence": "5709684833138689",
      "side": "sell",
      "size": "1",
      "symbol": "KIMA-USDT",
      "takerOrderId": "6745c651ae93cc0007c96e4e",
      "time": "1732626001145000000",
      "tradeId": "5709684833138689",
      "type": "match",
      "time_received": "13:00:01.1899"
    },
    {
      "makerOrderId": "6745bde767cdc9000706ed2b",
      "price": "0.6548",
      "sequence": "5709684836415489",
      "side": "buy",
      "size": "1",
      "symbol": "KIMA-USDT",
      "takerOrderId": "6745c65137061e0007450c31",
      "time": "1732626001151000000",
      "tradeId": "5709684836415489",
      "type": "match",
      "time_received": "13:00:01.2030"
    },
    {
      "makerOrderId": "6745bde767cdc9000706ed2b",
      "price": "0.6548",
      "sequence": "5709684837857281",
      "side": "buy",
      "size": "1",
      "symbol": "KIMA-USDT",
      "takerOrderId": "6745c65137061e0007450c3c",
      "time": "1732626001153000000",
      "tradeId": "5709684837857281",
      "type": "match",
      "time_received": "13:00:01.2032"
    },
    {
      "makerOrderId": "6745bde767cdc9000706ed2b",
      "price": "0.6548",
      "sequence": "5709684839954433",
      "side": "buy",
      "size": "1",
      "symbol": "KIMA-USDT",
      "takerOrderId": "6745c651f1bf400007953236",
      "time": "1732626001157000000",
      "tradeId": "5709684839954433",
      "type": "match",
      "time_received": "13:00:01.2077"
    },
    {
      "makerOrderId": "6745bde767cdc9000706ed2b",
      "price": "0.6548",
      "sequence": "5709684851357697",
      "side": "buy",
      "size": "1",
      "symbol": "KIMA-USDT",
      "takerOrderId": "6745c651cf286a00073f7dd4",
      "time": "1732626001173000000",
      "tradeId": "5709684851357697",
      "type": "match",
      "time_received": "13:00:01.2216"
    },
    {
      "makerOrderId": "6745bde767cdc9000706ed2b",
      "price": "0.6548",
      "sequence": "5709684854896641",
      "side": "buy",
      "size": "1",
      "symbol": "KIMA-USDT",
      "takerOrderId": "6745c6511586c100079f379f",
      "time": "1732626001179000000",
      "tradeId": "5709684854896641",
      "type": "match",
      "time_received": "13:00:01.2274"
    },
    {
      "makerOrderId": "6745bde767cdc9000706ed2b",
      "price": "0.6548",
      "sequence": "5709684855814145",
      "side": "buy",
      "size": "12.3",
      "symbol": "KIMA-USDT",
      "takerOrderId": "6745c6516967d30007045abc",
      "time": "1732626001182000000",
      "tradeId": "5709684855814145",
      "type": "match",
      "time_received": "13:00:01.2276"
    },
    {
      "makerOrderId": "6745bde767cdc9000706ed2b",
      "price": "0.6548",
      "sequence": "5709684863416321",
      "side": "buy",
      "size": "1",
      "symbol": "KIMA-USDT",
      "takerOrderId": "6745c65131d09500072bae5b",
      "time": "1732626001191000000",
      "tradeId": "5709684863416321",
      "type": "match",
      "time_received": "13:00:01.2379"
    },
    {
      "makerOrderId": "6745bde767cdc9000706ed2b",
      "price": "0.6548",
      "sequence": "5709684869969921",
      "side": "buy",
      "size": "1",
      "symbol": "KIMA-USDT",
      "takerOrderId": "6745c65167cdc900074c8bc3",
      "time": "1732626001202000000",
      "tradeId": "5709684869969921",
      "type": "match",
      "time_received": "13:00:01.2496"
    },
    {
      "makerOrderId": "6745bde767cdc9000706ed2b",
      "price": "0.6548",
      "sequence": "5709684871673859",
      "side": "buy",
      "size": "1",
      "symbol": "KIMA-USDT",
      "takerOrderId": "6745c651f1bf4000079532ef",
      "time": "1732626001208000000",
      "tradeId": "5709684871673859",
      "type": "match",
      "time_received": "13:00:01.2549"
    },
    {
      "makerOrderId": "6745bde767cdc9000706ed2b",
      "price": "0.6548",
      "sequence": "5709684878358529",
      "side": "buy",
      "size": "1",
      "symbol": "KIMA-USDT",
      "takerOrderId": "6745c651c5ba740007893b14",
      "time": "1732626001222000000",
      "tradeId": "5709684878358529",
      "type": "match",
      "time_received": "13:00:01.2711"
    },
    {
      "makerOrderId": "6745bde767cdc9000706ed2b",
      "price": "0.6548",
      "sequence": "5709684896053249",
      "side": "buy",
      "size": "1",
      "symbol": "KIMA-USDT",
      "takerOrderId": "6745c65167cdc900074c8c98",
      "time": "1732626001252000000",
      "tradeId": "5709684896053249",
      "type": "match",
      "time_received": "13:00:01.3065"
    },
    {
      "makerOrderId": "6745bde767cdc9000706ed2b",
      "price": "0.6548",
      "sequence": "5709684896315393",
      "side": "buy",
      "size": "1",
      "symbol": "KIMA-USDT",
      "takerOrderId": "6745c65131d09500072baf81",
      "time": "1732626001252000000",
      "tradeId": "5709684896315393",
      "type": "match",
      "time_received": "13:00:01.3067"
    },
    {
      "makerOrderId": "6745bde767cdc9000706ed2b",
      "price": "0.6548",
      "sequence": "5709684898674689",
      "side": "buy",
      "size": "1",
      "symbol": "KIMA-USDT",
      "takerOrderId": "6745c651088f010007a90225",
      "time": "1732626001256000000",
      "tradeId": "5709684898674689",
      "type": "match",
      "time_received": "13:00:01.3118"
    },
    {
      "makerOrderId": "6745bde767cdc9000706ed2b",
      "price": "0.6548",
      "sequence": "5709684899854337",
      "side": "buy",
      "size": "1",
      "symbol": "KIMA-USDT",
      "takerOrderId": "6745c651f1bf4000079533d8",
      "time": "1732626001257000000",
      "tradeId": "5709684899854337",
      "type": "match",
      "time_received": "13:00:01.3119"
    },
    {
      "makerOrderId": "6745bde767cdc9000706ed2b",
      "price": "0.6548",
      "sequence": "5709684910209025",
      "side": "buy",
      "size": "1",
      "symbol": "KIMA-USDT",
      "takerOrderId": "6745c651f4f1200007b930dc",
      "time": "1732626001279000000",
      "tradeId": "5709684910209025",
      "type": "match",
      "time_received": "13:00:01.3286"
    },
    {
      "makerOrderId": "6745bde767cdc9000706ed2b",
      "price": "0.6548",
      "sequence": "5709684911257601",
      "side": "buy",
      "size": "1",
      "symbol": "KIMA-USDT",
      "takerOrderId": "6745c651c5ba740007893c42",
      "time": "1732626001281000000",
      "tradeId": "5709684911257601",
      "type": "match",
      "time_received": "13:00:01.3287"
    },
    {
      "makerOrderId": "6745bde767cdc9000706ed2b",
      "price": "0.6548",
      "sequence": "5709684918597635",
      "side": "buy",
      "size": "1",
      "symbol": "KIMA-USDT",
      "takerOrderId": "6745c651df6f6e000774c542",
      "time": "1732626001292000000",
      "tradeId": "5709684918597635",
      "type": "match",
      "time_received": "13:00:01.3393"
    },
    {
      "makerOrderId": "6745bde767cdc9000706ed2b",
      "price": "0.6548",
      "sequence": "5709684926986241",
      "side": "buy",
      "size": "1",
      "symbol": "KIMA-USDT",
      "takerOrderId": "6745c651b7e21a0007646ecd",
      "time": "1732626001304000000",
      "tradeId": "5709684926986241",
      "type": "match",
      "time_received": "13:00:01.3519"
    },
    {
      "makerOrderId": "6745bde767cdc9000706ed2b",
      "price": "0.6548",
      "sequence": "5709684932098049",
      "side": "buy",
      "size": "1",
      "symbol": "KIMA-USDT",
      "takerOrderId": "6745c651f1bf4000079534de",
      "time": "1732626001312000000",
      "tradeId": "5709684932098049",
      "type": "match",
      "time_received": "13:00:01.3620"
    },
    {
      "makerOrderId": "6745bde767cdc9000706ed2b",
      "price": "0.6548",
      "sequence": "5709684943894529",
      "side": "buy",
      "size": "1",
      "symbol": "KIMA-USDT",
      "takerOrderId": "6745c65168486d00078a97b8",
      "time": "1732626001330000000",
      "tradeId": "5709684943894529",
      "type": "match",
      "time_received": "13:00:01.4873"
    },
    {
      "makerOrderId": "6745bde767cdc9000706ed2b",
      "price": "0.6548",
      "sequence": "5709684959492099",
      "side": "buy",
      "size": "1",
      "symbol": "KIMA-USDT",
      "takerOrderId": "6745c651f4a7c500079b0e77",
      "time": "1732626001352000000",
      "tradeId": "5709684959492099",
      "type": "match",
      "time_received": "13:00:01.5020"
    },
    {
      "makerOrderId": "6745bde767cdc9000706ed2b",
      "price": "0.6548",
      "sequence": "5709684962899969",
      "side": "buy",
      "size": "1",
      "symbol": "KIMA-USDT",
      "takerOrderId": "6745c65137061e0007450f97",
      "time": "1732626001360000000",
      "tradeId": "5709684962899969",
      "type": "match",
      "time_received": "13:00:01.5021"
    },
    {
      "makerOrderId": "6745bde767cdc9000706ed2b",
      "price": "0.6548",
      "sequence": "5709684968273921",
      "side": "buy",
      "size": "1",
      "symbol": "KIMA-USDT",
      "takerOrderId": "6745c651088f010007a90402",
      "time": "1732626001371000000",
      "tradeId": "5709684968273921",
      "type": "match",
      "time_received": "13:00:01.5022"
    },
    {
      "makerOrderId": "6745bde767cdc9000706ed2b",
      "price": "0.6548",
      "sequence": "5709684968404993",
      "side": "buy",
      "size": "1",
      "symbol": "KIMA-USDT",
      "takerOrderId": "6745c651f4a7c500079b0ebd",
      "time": "1732626001371000000",
      "tradeId": "5709684968404993",
      "type": "match",
      "time_received": "13:00:01.5022"
    },
    {
      "makerOrderId": "6745bde767cdc9000706ed2b",
      "price": "0.6548",
      "sequence": "5709684979021825",
      "side": "buy",
      "size": "1",
      "symbol": "KIMA-USDT",
      "takerOrderId": "6745c651f1bf4000079535fa",
      "time": "1732626001388000000",
      "tradeId": "5709684979021825",
      "type": "match",
      "time_received": "13:00:01.5023"
    },
    {
      "makerOrderId": "6745bde767cdc9000706ed2b",
      "price": "0.6548",
      "sequence": "5709684979152897",
      "side": "buy",
      "size": "1",
      "symbol": "KIMA-USDT",
      "takerOrderId": "6745c651f4a7c500079b0f11",
      "time": "1732626001388000000",
      "tradeId": "5709684979152897",
      "type": "match",
      "time_received": "13:00:01.5023"
    },
    {
      "makerOrderId": "6745bde767cdc9000706ed2b",
      "price": "0.6548",
      "sequence": "5709684985051137",
      "side": "buy",
      "size": "1",
      "symbol": "KIMA-USDT",
      "takerOrderId": "6745c651f4f1200007b932cc",
      "time": "1732626001395000000",
      "tradeId": "5709684985051137",
      "type": "match",
      "time_received": "13:00:01.5024"
    },
    {
      "makerOrderId": "6745bde767cdc9000706ed2b",
      "price": "0.6548",
      "sequence": "5709684989376513",
      "side": "buy",
      "size": "1",
      "symbol": "KIMA-USDT",
      "takerOrderId": "6745c651f4a7c500079b0f59",
      "time": "1732626001400000000",
      "tradeId": "5709684989376513",
      "type": "match",
      "time_received": "13:00:01.5024"
    },
    {
      "makerOrderId": "6745bde767cdc9000706ed2b",
      "price": "0.6548",
      "sequence": "5709684995536897",
      "side": "buy",
      "size": "1",
      "symbol": "KIMA-USDT",
      "takerOrderId": "6745c651f4f1200007b9330c",
      "time": "1732626001408000000",
      "tradeId": "5709684995536897",
      "type": "match",
      "time_received": "13:00:01.5025"
    },
    {
      "makerOrderId": "6745bde767cdc9000706ed2b",
      "price": "0.6548",
      "sequence": "5709685008250881",
      "side": "buy",
      "size": "1",
      "symbol": "KIMA-USDT",
      "takerOrderId": "6745c6510d855300071f7eb2",
      "time": "1732626001427000000",
      "tradeId": "5709685008250881",
      "type": "match",
      "time_received": "13:00:01.5025"
    },
    {
      "makerOrderId": "6745bde767cdc9000706ed2b",
      "price": "0.6548",
      "sequence": "5709685008513025",
      "side": "buy",
      "size": "1",
      "symbol": "KIMA-USDT",
      "takerOrderId": "6745c651d52cb80007fe4c1d",
      "time": "1732626001427000000",
      "tradeId": "5709685008513025",
      "type": "match",
      "time_received": "13:00:01.5026"
    },
    {
      "makerOrderId": "6745bde767cdc9000706ed2b",
      "price": "0.6548",
      "sequence": "5709685010872323",
      "side": "buy",
      "size": "1",
      "symbol": "KIMA-USDT",
      "takerOrderId": "6745c65131d09500072bb2a8",
      "time": "1732626001429000000",
      "tradeId": "5709685010872323",
      "type": "match",
      "time_received": "13:00:01.5026"
    },
    {
      "makerOrderId": "6745bde767cdc9000706ed2b",
      "price": "0.6548",
      "sequence": "5709685017425921",
      "side": "buy",
      "size": "1",
      "symbol": "KIMA-USDT",
      "takerOrderId": "6745c651df6f6e000774c7eb",
      "time": "1732626001437000000",
      "tradeId": "5709685017425921",
      "type": "match",
      "time_received": "13:00:01.5027"
    },
    {
      "makerOrderId": "6745bde767cdc9000706ed2b",
      "price": "0.6548",
      "sequence": "5709685024503811",
      "side": "buy",
      "size": "1",
      "symbol": "KIMA-USDT",
      "takerOrderId": "6745c651c5ba740007893f24",
      "time": "1732626001447000000",
      "tradeId": "5709685024503811",
      "type": "match",
      "time_received": "13:00:01.5037"
    },
    {
      "makerOrderId": "6745c651c5ba740007893eef",
      "price": "0.6414",
      "sequence": "5709685025945601",
      "side": "sell",
      "size": "1",
      "symbol": "KIMA-USDT",
      "takerOrderId": "6745c651df6f6e000774c81c",
      "time": "1732626001449000000",
      "tradeId": "5709685025945601",
      "type": "match",
      "time_received": "13:00:01.5038"
    },
    {
      "makerOrderId": "6745bde767cdc9000706ed2b",
      "price": "0.6548",
      "sequence": "5709685032761345",
      "side": "buy",
      "size": "1",
      "symbol": "KIMA-USDT",
      "takerOrderId": "6745c651cf286a00073f82df",
      "time": "1732626001461000000",
      "tradeId": "5709685032761345",
      "type": "match",
      "time_received": "13:00:01.5153"
    },
    {
      "makerOrderId": "6745bde767cdc9000706ed2b",
      "price": "0.6548",
      "sequence": "5709685038135297",
      "side": "buy",
      "size": "1",
      "symbol": "KIMA-USDT",
      "takerOrderId": "6745c651b7e21a00076471c1",
      "time": "1732626001468000000",
      "tradeId": "5709685038135297",
      "type": "match",
      "time_received": "13:00:01.5154"
    },
    {
      "makerOrderId": "6745bde767cdc9000706ed2b",
      "price": "0.6548",
      "sequence": "5709685059237891",
      "side": "buy",
      "size": "1",
      "symbol": "KIMA-USDT",
      "takerOrderId": "6745c6511586c100079f3d16",
      "time": "1732626001496000000",
      "tradeId": "5709685059237891",
      "type": "match",
      "time_received": "13:00:01.5413"
    },
    {
      "makerOrderId": "6745bde767cdc9000706ed2b",
      "price": "0.6548",
      "sequence": "5709685059368961",
      "side": "buy",
      "size": "1",
      "symbol": "KIMA-USDT",
      "takerOrderId": "6745c651f15b270007a12b1c",
      "time": "1732626001496000000",
      "tradeId": "5709685059368961",
      "type": "match",
      "time_received": "13:00:01.5415"
    },
    {
      "makerOrderId": "6745bde767cdc9000706ed2b",
      "price": "0.6548",
      "sequence": "5709685065398273",
      "side": "buy",
      "size": "1",
      "symbol": "KIMA-USDT",
      "takerOrderId": "6745c651f1bf40000795380f",
      "time": "1732626001507000000",
      "tradeId": "5709685065398273",
      "type": "match",
      "time_received": "13:00:01.5538"
    },
    {
      "makerOrderId": "6745bde767cdc9000706ed2b",
      "price": "0.6548",
      "sequence": "5709685067626499",
      "side": "buy",
      "size": "1",
      "symbol": "KIMA-USDT",
      "takerOrderId": "6745c6510d855300071f8016",
      "time": "1732626001511000000",
      "tradeId": "5709685067626499",
      "type": "match",
      "time_received": "13:00:01.5589"
    },
    {
      "makerOrderId": "6745bde767cdc9000706ed2b",
      "price": "0.6548",
      "sequence": "5709685067757569",
      "side": "buy",
      "size": "1",
      "symbol": "KIMA-USDT",
      "takerOrderId": "6745c6516967d300070460a2",
      "time": "1732626001511000000",
      "tradeId": "5709685067757569",
      "type": "match",
      "time_received": "13:00:01.5591"
    },
    {
      "makerOrderId": "6745bde767cdc9000706ed2b",
      "price": "0.6548",
      "sequence": "5709685082175491",
      "side": "buy",
      "size": "1",
      "symbol": "KIMA-USDT",
      "takerOrderId": "6745c651088f010007a906e8",
      "time": "1732626001531000000",
      "tradeId": "5709685082175491",
      "type": "match",
      "time_received": "13:00:01.5898"
    },
    {
      "makerOrderId": "6745bde767cdc9000706ed2b",
      "price": "0.6548",
      "sequence": "5709685085321217",
      "side": "buy",
      "size": "1",
      "symbol": "KIMA-USDT",
      "takerOrderId": "6745c651ae93cc0007c974ba",
      "time": "1732626001534000000",
      "tradeId": "5709685085321217",
      "type": "match",
      "time_received": "13:00:01.5900"
    },
    {
      "makerOrderId": "6745c6510d855300071f8043",
      "price": "0.6547",
      "sequence": "5709685103409153",
      "side": "buy",
      "size": "1",
      "symbol": "KIMA-USDT",
      "takerOrderId": "6745c651f4a7c500079b11e6",
      "time": "1732626001559000000",
      "tradeId": "5709685103409153",
      "type": "match",
      "time_received": "13:00:01.6125"
    },
    {
      "makerOrderId": "6745c6510d855300071f8043",
      "price": "0.6547",
      "sequence": "5709685107341315",
      "side": "buy",
      "size": "1",
      "symbol": "KIMA-USDT",
      "takerOrderId": "6745c6514fe7460007fb70f8",
      "time": "1732626001563000000",
      "tradeId": "5709685107341315",
      "type": "match",
      "time_received": "13:00:01.6176"
    },
    {
      "makerOrderId": "6745c6510d855300071f8043",
      "price": "0.6547",
      "sequence": "5709685114025985",
      "side": "buy",
      "size": "1",
      "symbol": "KIMA-USDT",
      "takerOrderId": "6745c651ae93cc0007c9754c",
      "time": "1732626001573000000",
      "tradeId": "5709685114025985",
      "type": "match",
      "time_received": "13:00:01.6249"
    },
    {
      "makerOrderId": "6745c6510d855300071f8043",
      "price": "0.6547",
      "sequence": "5709685131982851",
      "side": "buy",
      "size": "1",
      "symbol": "KIMA-USDT",
      "takerOrderId": "6745c65131d09500072bb543",
      "time": "1732626001601000000",
      "tradeId": "5709685131982851",
      "type": "match",
      "time_received": "13:00:01.6497"
    },
    {
      "makerOrderId": "6745c6510d855300071f8043",
      "price": "0.6547",
      "sequence": "5709685132113921",
      "side": "buy",
      "size": "1",
      "symbol": "KIMA-USDT",
      "takerOrderId": "6745c651f1bf400007953968",
      "time": "1732626001601000000",
      "tradeId": "5709685132113921",
      "type": "match",
      "time_received": "13:00:01.6498"
    },
    {
      "makerOrderId": "6745c6510d855300071f8043",
      "price": "0.6547",
      "sequence": "5709685141157891",
      "side": "buy",
      "size": "1",
      "symbol": "KIMA-USDT",
      "takerOrderId": "6745c651f4f1200007b9362c",
      "time": "1732626001619000000",
      "tradeId": "5709685141157891",
      "type": "match",
      "time_received": "13:00:01.7201"
    },
    {
      "makerOrderId": "6745c6510d855300071f8043",
      "price": "0.6547",
      "sequence": "5709685148366849",
      "side": "buy",
      "size": "1",
      "symbol": "KIMA-USDT",
      "takerOrderId": "6745c651f4f1200007b93653",
      "time": "1732626001633000000",
      "tradeId": "5709685148366849",
      "type": "match",
      "time_received": "13:00:01.7237"
    },
    {
      "makerOrderId": "6745c6510d855300071f8043",
      "price": "0.6547",
      "sequence": "5709685152299009",
      "side": "buy",
      "size": "1",
      "symbol": "KIMA-USDT",
      "takerOrderId": "6745c6516967d30007046259",
      "time": "1732626001642000000",
      "tradeId": "5709685152299009",
      "type": "match",
      "time_received": "13:00:01.7239"
    },
    {
      "makerOrderId": "6745c6510d855300071f8043",
      "price": "0.6547",
      "sequence": "5709685155444737",
      "side": "buy",
      "size": "1",
      "symbol": "KIMA-USDT",
      "takerOrderId": "6745c6514fe7460007fb71e1",
      "time": "1732626001647000000",
      "tradeId": "5709685155444737",
      "type": "match",
      "time_received": "13:00:01.7239"
    },
    {
      "makerOrderId": "6745c6510d855300071f8043",
      "price": "0.6547",
      "sequence": "5709685165537281",
      "side": "buy",
      "size": "1",
      "symbol": "KIMA-USDT",
      "takerOrderId": "6745c651f15b270007a12d59",
      "time": "1732626001668000000",
      "tradeId": "5709685165537281",
      "type": "match",
      "time_received": "13:00:01.7823"
    },
    {
      "makerOrderId": "6745c6510d855300071f8043",
      "price": "0.6547",
      "sequence": "5709685168551937",
      "side": "buy",
      "size": "1",
      "symbol": "KIMA-USDT",
      "takerOrderId": "6745c6514fe7460007fb7231",
      "time": "1732626001675000000",
      "tradeId": "5709685168551937",
      "type": "match",
      "time_received": "13:00:01.7824"
    },
    {
      "makerOrderId": "6745c6510d855300071f8043",
      "price": "0.6547",
      "sequence": "5709685169469441",
      "side": "buy",
      "size": "1",
      "symbol": "KIMA-USDT",
      "takerOrderId": "6745c65167cdc900074c9318",
      "time": "1732626001678000000",
      "tradeId": "5709685169469441",
      "type": "match",
      "time_received": "13:00:01.7826"
    },
    {
      "makerOrderId": "6745c6510d855300071f8043",
      "price": "0.6547",
      "sequence": "5709685177202689",
      "side": "buy",
      "size": "1",
      "symbol": "KIMA-USDT",
      "takerOrderId": "6745c651cf286a00073f85b4",
      "time": "1732626001694000000",
      "tradeId": "5709685177202689",
      "type": "match",
      "time_received": "13:00:01.7827"
    },
    {
      "makerOrderId": "6745c6510d855300071f8043",
      "price": "0.6547",
      "sequence": "5709685178513409",
      "side": "buy",
      "size": "1",
      "symbol": "KIMA-USDT",
      "takerOrderId": "6745c6514fe7460007fb7273",
      "time": "1732626001698000000",
      "tradeId": "5709685178513409",
      "type": "match",
      "time_received": "13:00:01.7828"
    },
    {
      "makerOrderId": "6745c6510d855300071f8043",
      "price": "0.6547",
      "sequence": "5709685180217347",
      "side": "buy",
      "size": "1",
      "symbol": "KIMA-USDT",
      "takerOrderId": "6745c651d52cb80007fe4fc4",
      "time": "1732626001702000000",
      "tradeId": "5709685180217347",
      "type": "match",
      "time_received": "13:00:01.7828"
    },
    {
      "makerOrderId": "6745c6510d855300071f8043",
      "price": "0.6547",
      "sequence": "5709685185460225",
      "side": "buy",
      "size": "1",
      "symbol": "KIMA-USDT",
      "takerOrderId": "6745c651df6f6e000774cb4e",
      "time": "1732626001712000000",
      "tradeId": "5709685185460225",
      "type": "match",
      "time_received": "13:00:01.7870"
    },
    {
      "makerOrderId": "6745c6510d855300071f8043",
      "price": "0.6547",
      "sequence": "5709685185591297",
      "side": "buy",
      "size": "1",
      "symbol": "KIMA-USDT",
      "takerOrderId": "6745c65167cdc900074c9372",
      "time": "1732626001712000000",
      "tradeId": "5709685185591297",
      "type": "match",
      "time_received": "13:00:01.7872"
    },
    {
      "makerOrderId": "6745c6510d855300071f8043",
      "price": "0.6547",
      "sequence": "5709685192931329",
      "side": "buy",
      "size": "1",
      "symbol": "KIMA-USDT",
      "takerOrderId": "6745c65137061e00074514e3",
      "time": "1732626001732000000",
      "tradeId": "5709685192931329",
      "type": "match",
      "time_received": "13:00:01.7873"
    },
    {
      "makerOrderId": "6745c6510d855300071f8043",
      "price": "0.6547",
      "sequence": "5709685193062401",
      "side": "buy",
      "size": "1",
      "symbol": "KIMA-USDT",
      "takerOrderId": "6745c651f4a7c500079b13c1",
      "time": "1732626001732000000",
      "tradeId": "5709685193062401",
      "type": "match",
      "time_received": "13:00:01.7873"
    },
    {
      "makerOrderId": "6745c6510d855300071f8043",
      "price": "0.6547",
      "sequence": "5709685194242049",
      "side": "buy",
      "size": "1",
      "symbol": "KIMA-USDT",
      "takerOrderId": "6745c651f4f1200007b93761",
      "time": "1732626001734000000",
      "tradeId": "5709685194242049",
      "type": "match",
      "time_received": "13:00:01.7992"
    },
    {
      "makerOrderId": "6745c6510d855300071f8043",
      "price": "0.6547",
      "sequence": "5709685196732417",
      "side": "buy",
      "size": "1",
      "symbol": "KIMA-USDT",
      "takerOrderId": "6745c6510d855300071f82b7",
      "time": "1732626001741000000",
      "tradeId": "5709685196732417",
      "type": "match",
      "time_received": "13:00:01.7993"
    },
    {
      "makerOrderId": "6745c6510d855300071f8043",
      "price": "0.6547",
      "sequence": "5709685199353857",
      "side": "buy",
      "size": "1",
      "symbol": "KIMA-USDT",
      "takerOrderId": "6745c65131d09500072bb6c8",
      "time": "1732626001747000000",
      "tradeId": "5709685199353857",
      "type": "match",
      "time_received": "13:00:01.7994"
    },
    {
      "makerOrderId": "6745c651ae93cc0007c9768d",
      "price": "0.6456",
      "sequence": "5709685204203521",
      "side": "sell",
      "size": "1",
      "symbol": "KIMA-USDT",
      "takerOrderId": "6745c65168486d00078a9d94",
      "time": "1732626001758000000",
      "tradeId": "5709685204203521",
      "type": "match",
      "time_received": "13:00:01.8494"
    },
    {
      "makerOrderId": "6745c6510d855300071f8043",
      "price": "0.6547",
      "sequence": "5709685217835009",
      "side": "buy",
      "size": "1",
      "symbol": "KIMA-USDT",
      "takerOrderId": "6745c651f1bf400007953b8e",
      "time": "1732626001788000000",
      "tradeId": "5709685217835009",
      "type": "match",
      "time_received": "13:00:01.8495"
    },
    {
      "makerOrderId": "6745c6510d855300071f8043",
      "price": "0.6547",
      "sequence": "5709685227927553",
      "side": "buy",
      "size": "1",
      "symbol": "KIMA-USDT",
      "takerOrderId": "6745c651ae93cc0007c977e2",
      "time": "1732626001807000000",
      "tradeId": "5709685227927553",
      "type": "match",
      "time_received": "13:00:01.9738"
    },
    {
      "makerOrderId": "6745c6510d855300071f8043",
      "price": "0.6547",
      "sequence": "5709685228713985",
      "side": "buy",
      "size": "1",
      "symbol": "KIMA-USDT",
      "takerOrderId": "6745c651b7e21a00076475cf",
      "time": "1732626001809000000",
      "tradeId": "5709685228713985",
      "type": "match",
      "time_received": "13:00:01.9740"
    },
    {
      "makerOrderId": "6745c6510d855300071f8043",
      "price": "0.6547",
      "sequence": "5709685233694721",
      "side": "buy",
      "size": "1",
      "symbol": "KIMA-USDT",
      "takerOrderId": "6745c651088f010007a90a09",
      "time": "1732626001818000000",
      "tradeId": "5709685233694721",
      "type": "match",
      "time_received": "13:00:01.9740"
    },
    {
      "makerOrderId": "6745c6510d855300071f8043",
      "price": "0.6547",
      "sequence": "5709685233956865",
      "side": "buy",
      "size": "1",
      "symbol": "KIMA-USDT",
      "takerOrderId": "6745c651f15b270007a12ef0",
      "time": "1732626001818000000",
      "tradeId": "5709685233956865",
      "type": "match",
      "time_received": "13:00:01.9741"
    },
    {
      "makerOrderId": "6745c6510d855300071f8043",
      "price": "0.6547",
      "sequence": "5709685240379393",
      "side": "buy",
      "size": "1",
      "symbol": "KIMA-USDT",
      "takerOrderId": "6745c6511586c100079f40fb",
      "time": "1732626001831000000",
      "tradeId": "5709685240379393",
      "type": "match",
      "time_received": "13:00:01.9741"
    },
    {
      "makerOrderId": "6745c6510d855300071f8043",
      "price": "0.6547",
      "sequence": "5709685245360129",
      "side": "buy",
      "size": "1",
      "symbol": "KIMA-USDT",
      "takerOrderId": "6745c651d52cb80007fe514e",
      "time": "1732626001840000000",
      "tradeId": "5709685245360129",
      "type": "match",
      "time_received": "13:00:01.9741"
    },
    {
      "makerOrderId": "6745c6510d855300071f8043",
      "price": "0.6547",
      "sequence": "5709685250996225",
      "side": "buy",
      "size": "1",
      "symbol": "KIMA-USDT",
      "takerOrderId": "6745c651df6f6e000774ccd8",
      "time": "1732626001855000000",
      "tradeId": "5709685250996225",
      "type": "match",
      "time_received": "13:00:02.0031"
    },
    {
      "makerOrderId": "6745c6510d855300071f8043",
      "price": "0.6547",
      "sequence": "5709685254666241",
      "side": "buy",
      "size": "1",
      "symbol": "KIMA-USDT",
      "takerOrderId": "6745c651d52cb80007fe5188",
      "time": "1732626001866000000",
      "tradeId": "5709685254666241",
      "type": "match",
      "time_received": "13:00:02.0031"
    },
    {
      "makerOrderId": "6745c6510d855300071f8043",
      "price": "0.6547",
      "sequence": "5709685285074945",
      "side": "buy",
      "size": "1",
      "symbol": "KIMA-USDT",
      "takerOrderId": "6745c651f4f1200007b9390c",
      "time": "1732626001888000000",
      "tradeId": "5709685285074945",
      "type": "match",
      "time_received": "13:00:02.0032"
    },
    {
      "makerOrderId": "6745c6510d855300071f8043",
      "price": "0.6547",
      "sequence": "5709685285730305",
      "side": "buy",
      "size": "1",
      "symbol": "KIMA-USDT",
      "takerOrderId": "6745c651f4a7c500079b15ae",
      "time": "1732626001894000000",
      "tradeId": "5709685285730305",
      "type": "match",
      "time_received": "13:00:02.0032"
    },
    {
      "makerOrderId": "6745c6510d855300071f8043",
      "price": "0.6547",
      "sequence": "5709685286254593",
      "side": "buy",
      "size": "1",
      "symbol": "KIMA-USDT",
      "takerOrderId": "6745c65168486d00078a9f1e",
      "time": "1732626001899000000",
      "tradeId": "5709685286254593",
      "type": "match",
      "time_received": "13:00:02.0033"
    },
    {
      "makerOrderId": "6745c6510d855300071f8043",
      "price": "0.6547",
      "sequence": "5709685286385665",
      "side": "buy",
      "size": "1",
      "symbol": "KIMA-USDT",
      "takerOrderId": "6745c6511586c100079f41b2",
      "time": "1732626001905000000",
      "tradeId": "5709685286385665",
      "type": "match",
      "time_received": "13:00:02.0033"
    },
    {
      "makerOrderId": "6745c6510d855300071f8043",
      "price": "0.6547",
      "sequence": "5709685286516737",
      "side": "buy",
      "size": "1",
      "symbol": "KIMA-USDT",
      "takerOrderId": "6745c651c5ba740007894486",
      "time": "1732626001905000000",
      "tradeId": "5709685286516737",
      "type": "match",
      "time_received": "13:00:02.0034"
    },
    {
      "makerOrderId": "6745c6510d855300071f8043",
      "price": "0.6547",
      "sequence": "5709685286778881",
      "side": "buy",
      "size": "1",
      "symbol": "KIMA-USDT",
      "takerOrderId": "6745c65137061e00074516be",
      "time": "1732626001907000000",
      "tradeId": "5709685286778881",
      "type": "match",
      "time_received": "13:00:02.0034"
    },
    {
      "makerOrderId": "6745c6510d855300071f8043",
      "price": "0.6547",
      "sequence": "5709685286909953",
      "side": "buy",
      "size": "1",
      "symbol": "KIMA-USDT",
      "takerOrderId": "6745c651f4f1200007b9393b",
      "time": "1732626001910000000",
      "tradeId": "5709685286909953",
      "type": "match",
      "time_received": "13:00:02.0035"
    },
    {
      "makerOrderId": "6745c6510d855300071f8043",
      "price": "0.6547",
      "sequence": "5709685303949313",
      "side": "buy",
      "size": "1",
      "symbol": "KIMA-USDT",
      "takerOrderId": "6745c651088f010007a90b1d",
      "time": "1732626001964000000",
      "tradeId": "5709685303949313",
      "type": "match",
      "time_received": "13:00:02.0719"
    },
    {
      "makerOrderId": "6745c6510d855300071f8043",
      "price": "0.6547",
      "sequence": "5709685315876865",
      "side": "buy",
      "size": "1",
      "symbol": "KIMA-USDT",
      "takerOrderId": "6745c651c5ba740007894506",
      "time": "1732626001978000000",
      "tradeId": "5709685315876865",
      "type": "match",
      "time_received": "13:00:02.0787"
    },
    {
      "makerOrderId": "6745c6510d855300071f8043",
      "price": "0.6547",
      "sequence": "5709685322823681",
      "side": "buy",
      "size": "1",
      "symbol": "KIMA-USDT",
      "takerOrderId": "6745c651088f010007a90b7e",
      "time": "1732626001991000000",
      "tradeId": "5709685322823681",
      "type": "match",
      "time_received": "13:00:02.0788"
    },
    {
      "makerOrderId": "6745c6510d855300071f8043",
      "price": "0.6547",
      "sequence": "5709685335275521",
      "side": "buy",
      "size": "1",
      "symbol": "KIMA-USDT",
      "takerOrderId": "6745c652f1bf400007953d9e",
      "time": "1732626002017000000",
      "tradeId": "5709685335275521",
      "type": "match",
      "time_received": "13:00:02.0789"
    },
    {
      "makerOrderId": "6745c6510d855300071f8043",
      "price": "0.6547",
      "sequence": "5709685342615553",
      "side": "buy",
      "size": "1",
      "symbol": "KIMA-USDT",
      "takerOrderId": "6745c652df6f6e000774ce48",
      "time": "1732626002030000000",
      "tradeId": "5709685342615553",
      "type": "match",
      "time_received": "13:00:02.0831"
    },
    {
      "makerOrderId": "6745c6510d855300071f8043",
      "price": "0.6547",
      "sequence": "5709685346154497",
      "side": "buy",
      "size": "1",
      "symbol": "KIMA-USDT",
      "takerOrderId": "6745c652d52cb80007fe52f0",
      "time": "1732626002035000000",
      "tradeId": "5709685346154497",
      "type": "match",
      "time_received": "13:00:02.0888"
    },
    {
      "makerOrderId": "6745c6510d855300071f8043",
      "price": "0.6547",
      "sequence": "5709685355853829",
      "side": "buy",
      "size": "1",
      "symbol": "KIMA-USDT",
      "takerOrderId": "6745c652b7e21a00076477f7",
      "time": "1732626002054000000",
      "tradeId": "5709685355853829",
      "type": "match",
      "time_received": "13:00:02.1038"
    },
    {
      "makerOrderId": "6745c6510d855300071f8043",
      "price": "0.6547",
      "sequence": "5709685356902401",
      "side": "buy",
      "size": "1",
      "symbol": "KIMA-USDT",
      "takerOrderId": "6745c65268486d00078aa074",
      "time": "1732626002056000000",
      "tradeId": "5709685356902401",
      "type": "match",
      "time_received": "13:00:02.1054"
    },
    {
      "makerOrderId": "6745c6510d855300071f8043",
      "price": "0.6547",
      "sequence": "5709685359654913",
      "side": "buy",
      "size": "1",
      "symbol": "KIMA-USDT",
      "takerOrderId": "6745c652df6f6e000774cea4",
      "time": "1732626002064000000",
      "tradeId": "5709685359654913",
      "type": "match",
      "time_received": "13:00:02.1143"
    },
    {
      "makerOrderId": "6745c650c5ba7400078933a8",
      "price": "0.6321",
      "sequence": "5709685360965633",
      "side": "sell",
      "size": "1",
      "symbol": "KIMA-USDT",
      "takerOrderId": "6745c652d52cb80007fe5340",
      "time": "1732626002066000000",
      "tradeId": "5709685360965633",
      "type": "match",
      "time_received": "13:00:02.1159"
    },
    {
      "makerOrderId": "6745c6510d855300071f8043",
      "price": "0.6547",
      "sequence": "5709685367650307",
      "side": "buy",
      "size": "1",
      "symbol": "KIMA-USDT",
      "takerOrderId": "6745c65231d09500072bba0c",
      "time": "1732626002081000000",
      "tradeId": "5709685367650307",
      "type": "match",
      "time_received": "13:00:02.1298"
    },
    {
      "makerOrderId": "6745c6510d855300071f8043",
      "price": "0.6547",
      "sequence": "5709685368567809",
      "side": "buy",
      "size": "1",
      "symbol": "KIMA-USDT",
      "takerOrderId": "6745c652f15b270007a1316d",
      "time": "1732626002083000000",
      "tradeId": "5709685368567809",
      "type": "match",
      "time_received": "13:00:02.1353"
    },
    {
      "makerOrderId": "6745c6510d855300071f8043",
      "price": "0.6547",
      "sequence": "5709685374597121",
      "side": "buy",
      "size": "1",
      "symbol": "KIMA-USDT",
      "takerOrderId": "6745c652d52cb80007fe538f",
      "time": "1732626002093000000",
      "tradeId": "5709685374597121",
      "type": "match",
      "time_received": "13:00:02.1373"
    },
    {
      "makerOrderId": "6745c6510d855300071f8043",
      "price": "0.6547",
      "sequence": "5709685379053569",
      "side": "buy",
      "size": "1",
      "symbol": "KIMA-USDT",
      "takerOrderId": "6745c65268486d00078aa0f9",
      "time": "1732626002100000000",
      "tradeId": "5709685379053569",
      "type": "match",
      "time_received": "13:00:02.1526"
    },
    {
      "makerOrderId": "6745c6510d855300071f8043",
      "price": "0.6547",
      "sequence": "5709685388621827",
      "side": "buy",
      "size": "1",
      "symbol": "KIMA-USDT",
      "takerOrderId": "6745c652c65bf70007338a38",
      "time": "1732626002120000000",
      "tradeId": "5709685388621827",
      "type": "match",
      "time_received": "13:00:02.1721"
    },
    {
      "makerOrderId": "6745c6510d855300071f8043",
      "price": "0.6547",
      "sequence": "5709685389801473",
      "side": "buy",
      "size": "1",
      "symbol": "KIMA-USDT",
      "takerOrderId": "6745c65268486d00078aa13a",
      "time": "1732626002122000000",
      "tradeId": "5709685389801473",
      "type": "match",
      "time_received": "13:00:02.1722"
    },
    {
      "makerOrderId": "6745c6510d855300071f8043",
      "price": "0.6547",
      "sequence": "5709685390981121",
      "side": "buy",
      "size": "1",
      "symbol": "KIMA-USDT",
      "takerOrderId": "6745c652c65bf70007338a50",
      "time": "1732626002124000000",
      "tradeId": "5709685390981121",
      "type": "match",
      "time_received": "13:00:02.1722"
    },
    {
      "makerOrderId": "6745c6510d855300071f8043",
      "price": "0.6547",
      "sequence": "5709685391243265",
      "side": "buy",
      "size": "1",
      "symbol": "KIMA-USDT",
      "takerOrderId": "6745c652088f010007a90ceb",
      "time": "1732626002124000000",
      "tradeId": "5709685391243265",
      "type": "match",
      "time_received": "13:00:02.1723"
    },
    {
      "makerOrderId": "6745c6510d855300071f8043",
      "price": "0.6547",
      "sequence": "5709685402253315",
      "side": "buy",
      "size": "1",
      "symbol": "KIMA-USDT",
      "takerOrderId": "6745c6521586c100079f4412",
      "time": "1732626002141000000",
      "tradeId": "5709685402253315",
      "type": "match",
      "time_received": "13:00:02.1871"
    },
    {
      "makerOrderId": "6745c6510d855300071f8043",
      "price": "0.6547",
      "sequence": "5709685408282625",
      "side": "buy",
      "size": "1",
      "symbol": "KIMA-USDT",
      "takerOrderId": "6745c652f4a7c500079b181e",
      "time": "1732626002152000000",
      "tradeId": "5709685408282625",
      "type": "match",
      "time_received": "13:00:02.2025"
    },
    {
      "makerOrderId": "6745c6510d855300071f8043",
      "price": "0.6547",
      "sequence": "5709685409462273",
      "side": "buy",
      "size": "1",
      "symbol": "KIMA-USDT",
      "takerOrderId": "6745c652f4f1200007b93bbc",
      "time": "1732626002155000000",
      "tradeId": "5709685409462273",
      "type": "match",
      "time_received": "13:00:02.2081"
    },
    {
      "makerOrderId": "6745c6510d855300071f8043",
      "price": "0.6547",
      "sequence": "5709685415098371",
      "side": "buy",
      "size": "1",
      "symbol": "KIMA-USDT",
      "takerOrderId": "6745c652f4a7c500079b1849",
      "time": "1732626002166000000",
      "tradeId": "5709685415098371",
      "type": "match",
      "time_received": "13:00:02.2193"
    },
    {
      "makerOrderId": "6745c6510d855300071f8043",
      "price": "0.6547",
      "sequence": "5709685422438401",
      "side": "buy",
      "size": "1",
      "symbol": "KIMA-USDT",
      "takerOrderId": "6745c652f4f1200007b93c11",
      "time": "1732626002183000000",
      "tradeId": "5709685422438401",
      "type": "match",
      "time_received": "13:00:02.2288"
    },
    {
      "makerOrderId": "6745c6510d855300071f8043",
      "price": "0.6547",
      "sequence": "5709685425190913",
      "side": "buy",
      "size": "1",
      "symbol": "KIMA-USDT",
      "takerOrderId": "6745c652c65bf70007338b29",
      "time": "1732626002188000000",
      "tradeId": "5709685425190913",
      "type": "match",
      "time_received": "13:00:02.2330"
    },
    {
      "makerOrderId": "6745c6510d855300071f8043",
      "price": "0.6547",
      "sequence": "5709685428598785",
      "side": "buy",
      "size": "1",
      "symbol": "KIMA-USDT",
      "takerOrderId": "6745c652f15b270007a132a9",
      "time": "1732626002192000000",
      "tradeId": "5709685428598785",
      "type": "match",
      "time_received": "13:00:02.2403"
    },
    {
      "makerOrderId": "6745c6510d855300071f8043",
      "price": "0.6547",
      "sequence": "5709685440788481",
      "side": "buy",
      "size": "1",
      "symbol": "KIMA-USDT",
      "takerOrderId": "6745c6521586c100079f44ed",
      "time": "1732626002211000000",
      "tradeId": "5709685440788481",
      "type": "match",
      "time_received": "13:00:02.2616"
    },
    {
      "makerOrderId": "6745c6510d855300071f8043",
      "price": "0.6547",
      "sequence": "5709685447473153",
      "side": "buy",
      "size": "14.59",
      "symbol": "KIMA-USDT",
      "takerOrderId": "6745c652cf286a00073f8b21",
      "time": "1732626002224000000",
      "tradeId": "5709685447473153",
      "type": "match",
      "time_received": "13:00:02.2726"
    },
    {
      "makerOrderId": "6745c6510d855300071f8043",
      "price": "0.6547",
      "sequence": "5709685453633537",
      "side": "buy",
      "size": "150.24",
      "symbol": "KIMA-USDT",
      "takerOrderId": "6745c652cf286a00073f8b62",
      "time": "1732626002239000000",
      "tradeId": "5709685453633537",
      "type": "match",
      "time_received": "13:00:02.2882"
    },
    {
      "makerOrderId": "6745c6510d855300071f8043",
      "price": "0.6547",
      "sequence": "5709685454026753",
      "side": "buy",
      "size": "1",
      "symbol": "KIMA-USDT",
      "takerOrderId": "6745c6526967d300070468e2",
      "time": "1732626002239000000",
      "tradeId": "5709685454026753",
      "type": "match",
      "time_received": "13:00:02.2883"
    },
    {
      "makerOrderId": "6745c6510d855300071f8043",
      "price": "0.6547",
      "sequence": "5709685456517121",
      "side": "buy",
      "size": "1",
      "symbol": "KIMA-USDT",
      "takerOrderId": "6745c652088f010007a90e84",
      "time": "1732626002244000000",
      "tradeId": "5709685456517121",
      "type": "match",
      "time_received": "13:00:02.2884"
    },
    {
      "makerOrderId": "6745c6510d855300071f8043",
      "price": "0.6547",
      "sequence": "5709685456648193",
      "side": "buy",
      "size": "1",
      "symbol": "KIMA-USDT",
      "takerOrderId": "6745c652ae93cc0007c97c5e",
      "time": "1732626002244000000",
      "tradeId": "5709685456648193",
      "type": "match",
      "time_received": "13:00:02.2884"
    },
    {
      "makerOrderId": "6745c6510d855300071f8043",
      "price": "0.6547",
      "sequence": "5709685459662849",
      "side": "buy",
      "size": "1",
      "symbol": "KIMA-USDT",
      "takerOrderId": "6745c652b7e21a0007647a5a",
      "time": "1732626002250000000",
      "tradeId": "5709685459662849",
      "type": "match",
      "time_received": "13:00:02.3049"
    },
    {
      "makerOrderId": "6745c6510d855300071f8043",
      "price": "0.6547",
      "sequence": "5709685460711425",
      "side": "buy",
      "size": "1",
      "symbol": "KIMA-USDT",
      "takerOrderId": "6745c652ae93cc0007c97c78",
      "time": "1732626002252000000",
      "tradeId": "5709685460711425",
      "type": "match",
      "time_received": "13:00:02.3051"
    },
    {
      "makerOrderId": "6745c6510d855300071f8043",
      "price": "0.6547",
      "sequence": "5709685460842497",
      "side": "buy",
      "size": "1",
      "symbol": "KIMA-USDT",
      "takerOrderId": "6745c652c5ba740007894849",
      "time": "1732626002252000000",
      "tradeId": "5709685460842497",
      "type": "match",
      "time_received": "13:00:02.3051"
    },
    {
      "makerOrderId": "6745c6510d855300071f8043",
      "price": "0.6547",
      "sequence": "5709685467658243",
      "side": "buy",
      "size": "1",
      "symbol": "KIMA-USDT",
      "takerOrderId": "6745c65237061e0007451a7c",
      "time": "1732626002265000000",
      "tradeId": "5709685467658243",
      "type": "match",
      "time_received": "13:00:02.3107"
    },
    {
      "makerOrderId": "6745c6510d855300071f8043",
      "price": "0.6547",
      "sequence": "5709685470017539",
      "side": "buy",
      "size": "1",
      "symbol": "KIMA-USDT",
      "takerOrderId": "6745c65267cdc900074c9964",
      "time": "1732626002269000000",
      "tradeId": "5709685470017539",
      "type": "match",
      "time_received": "13:00:02.3221"
    },
    {
      "makerOrderId": "6745c6510d855300071f8043",
      "price": "0.6547",
      "sequence": "5709685470148609",
      "side": "buy",
      "size": "1",
      "symbol": "KIMA-USDT",
      "takerOrderId": "6745c65237061e0007451a8e",
      "time": "1732626002269000000",
      "tradeId": "5709685470148609",
      "type": "match",
      "time_received": "13:00:02.3228"
    },
    {
      "makerOrderId": "6745c6510d855300071f8043",
      "price": "0.6547",
      "sequence": "5709685470541825",
      "side": "buy",
      "size": "1",
      "symbol": "KIMA-USDT",
      "takerOrderId": "6745c652df6f6e000774d121",
      "time": "1732626002270000000",
      "tradeId": "5709685470541825",
      "type": "match",
      "time_received": "13:00:02.3229"
    },
    {
      "makerOrderId": "6745c6510d855300071f8043",
      "price": "0.6547",
      "sequence": "5709685478930437",
      "side": "buy",
      "size": "1",
      "symbol": "KIMA-USDT",
      "takerOrderId": "6745c652c5ba7400078948c4",
      "time": "1732626002290000000",
      "tradeId": "5709685478930437",
      "type": "match",
      "time_received": "13:00:02.3454"
    },
    {
      "makerOrderId": "6745c6510d855300071f8043",
      "price": "0.6547",
      "sequence": "5709685481158657",
      "side": "buy",
      "size": "1",
      "symbol": "KIMA-USDT",
      "takerOrderId": "6745c6526967d3000704698a",
      "time": "1732626002294000000",
      "tradeId": "5709685481158657",
      "type": "match",
      "time_received": "13:00:02.3455"
    },
    {
      "makerOrderId": "6745c6510d855300071f8043",
      "price": "0.6547",
      "sequence": "5709685481420801",
      "side": "buy",
      "size": "1",
      "symbol": "KIMA-USDT",
      "takerOrderId": "6745c65237061e0007451acb",
      "time": "1732626002294000000",
      "tradeId": "5709685481420801",
      "type": "match",
      "time_received": "13:00:02.3455"
    },
    {
      "makerOrderId": "6745c6510d855300071f8043",
      "price": "0.6547",
      "sequence": "5709685492430851",
      "side": "buy",
      "size": "1",
      "symbol": "KIMA-USDT",
      "takerOrderId": "6745c65237061e0007451b1b",
      "time": "1732626002320000000",
      "tradeId": "5709685492430851",
      "type": "match",
      "time_received": "13:00:02.3720"
    },
    {
      "makerOrderId": "6745c6510d855300071f8043",
      "price": "0.6547",
      "sequence": "5709685492561921",
      "side": "buy",
      "size": "1",
      "symbol": "KIMA-USDT",
      "takerOrderId": "6745c652ae93cc0007c97d45",
      "time": "1732626002320000000",
      "tradeId": "5709685492561921",
      "type": "match",
      "time_received": "13:00:02.3721"
    },
    {
      "makerOrderId": "6745c6510d855300071f8043",
      "price": "0.6547",
      "sequence": "5709685494134785",
      "side": "buy",
      "size": "1",
      "symbol": "KIMA-USDT",
      "takerOrderId": "6745c65237061e0007451b1d",
      "time": "1732626002322000000",
      "tradeId": "5709685494134785",
      "type": "match",
      "time_received": "13:00:02.3722"
    },
    {
      "makerOrderId": "6745c6510d855300071f8043",
      "price": "0.6547",
      "sequence": "5709685495838721",
      "side": "buy",
      "size": "1",
      "symbol": "KIMA-USDT",
      "takerOrderId": "6745c652f15b270007a13427",
      "time": "1732626002327000000",
      "tradeId": "5709685495838721",
      "type": "match",
      "time_received": "13:00:02.3762"
    },
    {
      "makerOrderId": "6745c6510d855300071f8043",
      "price": "0.6547",
      "sequence": "5709685496756225",
      "side": "buy",
      "size": "1",
      "symbol": "KIMA-USDT",
      "takerOrderId": "6745c652ae93cc0007c97d5d",
      "time": "1732626002328000000",
      "tradeId": "5709685496756225",
      "type": "match",
      "time_received": "13:00:02.3793"
    },
    {
      "makerOrderId": "6745c6510d855300071f8043",
      "price": "0.6547",
      "sequence": "5709685499377665",
      "side": "buy",
      "size": "1",
      "symbol": "KIMA-USDT",
      "takerOrderId": "6745c65231d09500072bbce7",
      "time": "1732626002336000000",
      "tradeId": "5709685499377665",
      "type": "match",
      "time_received": "13:00:02.3856"
    },
    {
      "makerOrderId": "6745c6510d855300071f8043",
      "price": "0.6547",
      "sequence": "5709685504620545",
      "side": "buy",
      "size": "1",
      "symbol": "KIMA-USDT",
      "takerOrderId": "6745c652f15b270007a1344f",
      "time": "1732626002345000000",
      "tradeId": "5709685504620545",
      "type": "match",
      "time_received": "13:00:02.3951"
    },
    {
      "makerOrderId": "6745c6510d855300071f8043",
      "price": "0.6547",
      "sequence": "5709685505931265",
      "side": "buy",
      "size": "1",
      "symbol": "KIMA-USDT",
      "takerOrderId": "6745c652f4a7c500079b1a4e",
      "time": "1732626002347000000",
      "tradeId": "5709685505931265",
      "type": "match",
      "time_received": "13:00:02.3953"
    },
    {
      "makerOrderId": "6745c6510d855300071f8043",
      "price": "0.6547",
      "sequence": "5709685507373057",
      "side": "buy",
      "size": "1",
      "symbol": "KIMA-USDT",
      "takerOrderId": "6745c6524fe7460007fb7976",
      "time": "1732626002349000000",
      "tradeId": "5709685507373057",
      "type": "match",
      "time_received": "13:00:02.3953"
    },
    {
      "makerOrderId": "6745c6510d855300071f8043",
      "price": "0.6547",
      "sequence": "5709685520742401",
      "side": "buy",
      "size": "1",
      "symbol": "KIMA-USDT",
      "takerOrderId": "6745c65268486d00078aa434",
      "time": "1732626002371000000",
      "tradeId": "5709685520742401",
      "type": "match",
      "time_received": "13:00:02.4182"
    },
    {
      "makerOrderId": "6745c652f4f1200007b93c47",
      "price": "0.639",
      "sequence": "5709685525723137",
      "side": "sell",
      "size": "1",
      "symbol": "KIMA-USDT",
      "takerOrderId": "6745c6524fe7460007fb7a01",
      "time": "1732626002377000000",
      "tradeId": "5709685525723137",
      "type": "match",
      "time_received": "13:00:02.4243"
    },
    {
      "makerOrderId": "6745c6510d855300071f8043",
      "price": "0.6547",
      "sequence": "5709685533194241",
      "side": "buy",
      "size": "1",
      "symbol": "KIMA-USDT",
      "takerOrderId": "6745c652f4a7c500079b1b0b",
      "time": "1732626002387000000",
      "tradeId": "5709685533194241",
      "type": "match",
      "time_received": "13:00:02.4420"
    },
    {
      "makerOrderId": "6745c6510d855300071f8043",
      "price": "0.6547",
      "sequence": "5709685537781761",
      "side": "buy",
      "size": "1",
      "symbol": "KIMA-USDT",
      "takerOrderId": "6745c652cf286a00073f8d56",
      "time": "1732626002394000000",
      "tradeId": "5709685537781761",
      "type": "match",
      "time_received": "13:00:02.4460"
    },
    {
      "makerOrderId": "6745c6510d855300071f8043",
      "price": "0.6547",
      "sequence": "5709685538830337",
      "side": "buy",
      "size": "1",
      "symbol": "KIMA-USDT",
      "takerOrderId": "6745c652c65bf70007338dc4",
      "time": "1732626002396000000",
      "tradeId": "5709685538830337",
      "type": "match",
      "time_received": "13:00:02.4462"
    },
    {
      "makerOrderId": "6745c6510d855300071f8043",
      "price": "0.6547",
      "sequence": "5709685547218945",
      "side": "buy",
      "size": "14.38",
      "symbol": "KIMA-USDT",
      "takerOrderId": "6745c652cf286a00073f8da1",
      "time": "1732626002409000000",
      "tradeId": "5709685547218945",
      "type": "match",
      "time_received": "13:00:02.4708"
    },
    {
      "makerOrderId": "6745c6510d855300071f8043",
      "price": "0.6547",
      "sequence": "5709685547743233",
      "side": "buy",
      "size": "1",
      "symbol": "KIMA-USDT",
      "takerOrderId": "6745c652c65bf70007338df7",
      "time": "1732626002409000000",
      "tradeId": "5709685547743233",
      "type": "match",
      "time_received": "13:00:02.4709"
    },
    {
      "makerOrderId": "6745c6510d855300071f8043",
      "price": "0.6547",
      "sequence": "5709685562161153",
      "side": "buy",
      "size": "1",
      "symbol": "KIMA-USDT",
      "takerOrderId": "6745c652c65bf70007338e3f",
      "time": "1732626002426000000",
      "tradeId": "5709685562161153",
      "type": "match",
      "time_received": "13:00:02.4941"
    },
    {
      "makerOrderId": "6745c6510d855300071f8043",
