{
  "metadata": {
    "symbol": "F",
    "channel": "match",
    "start_time": "09:59:30.0000",
    "release_time": "10:00:00.0000",
    "end_time": "10:20:00.0000",
    "total_messages": 6053,
    "final_snapshot": {
      "time": "10:20:02.3370",
      "symbol": "F-USDT",
      "price_high": "0.27285",
      "price_last": "0.10801",
      "price_low": "0.06",
      "price_avg": null,
      "volValue_USDT": "606202.821749"
    }
  },
  "data": [
    {
      "price": "0.06",
      "sequence": "6049727967934465",
      "side": "sell",
      "size": "10",
      "symbol": "F-USDT",
      "time": "1733479200000000000",
      "tradeId": "6049727967934465",
      "type": "match",
      "time_received": "10:00:00.0723"
    },
    {
      "makerOrderId": "6752c724f5179000070d7390",
      "price": "0.08",
      "sequence": "6049727967934466",
      "side": "buy",
      "size": "500",
      "symbol": "F-USDT",
      "takerOrderId": "6752cb20b1d2ab0007deb586",
      "time": "1733479200017000000",
      "tradeId": "6049727967934466",
      "type": "match",
      "time_received": "10:00:00.0729"
    },
    {
      "makerOrderId": "6752c724e7750000074a669e",
      "price": "0.1",
      "sequence": "6049727970818049",
      "side": "buy",
      "size": "1000",
      "symbol": "F-USDT",
      "takerOrderId": "6752cb20b1d2ab0007deb5b2",
      "time": "1733479200028000000",
      "tradeId": "6049727970818049",
      "type": "match",
      "time_received": "10:00:00.0730"
    },
    {
      "makerOrderId": "6752c7249574f30007407d96",
      "price": "0.125",
      "sequence": "6049727977764865",
      "side": "buy",
      "size": "5000",
      "symbol": "F-USDT",
      "takerOrderId": "6752cb20b1d2ab0007deb609",
      "time": "1733479200038000000",
      "tradeId": "6049727977764865",
      "type": "match",
      "time_received": "10:00:00.0782"
    },
    {
      "makerOrderId": "6752c724ecb8b20007dff1f6",
      "price": "0.15",
      "sequence": "6049727977895937",
      "side": "buy",
      "size": "7378",
      "symbol": "F-USDT",
      "takerOrderId": "6752cb20b1d2ab0007deb5aa",
      "time": "1733479200038000000",
      "tradeId": "6049727977895937",
      "type": "match",
      "time_received": "10:00:00.0851"
    },
    {
      "makerOrderId": "6752c724ecb8b20007dff1f6",
      "price": "0.15",
      "sequence": "6049727978944513",
      "side": "buy",
      "size": "2622",
      "symbol": "F-USDT",
      "takerOrderId": "6752cb20b1d2ab0007deb5bf",
      "time": "1733479200040000000",
      "tradeId": "6049727978944513",
      "type": "match",
      "time_received": "10:00:00.0852"
    },
    {
      "makerOrderId": "6752bf95f517900007cc46df",
      "price": "0.1658",
      "sequence": "6049727979337729",
      "side": "buy",
      "size": "7334",
      "symbol": "F-USDT",
      "takerOrderId": "6752cb20b1d2ab0007deb5d1",
      "time": "1733479200040000000",
      "tradeId": "6049727979337729",
      "type": "match",
      "time_received": "10:00:00.0854"
    },
    {
      "makerOrderId": "6752bf95f517900007cc46df",
      "price": "0.1658",
      "sequence": "6049727979468801",
      "side": "buy",
      "size": "155",
      "symbol": "F-USDT",
      "takerOrderId": "6752cb20b1d2ab0007deb5f9",
      "time": "1733479200040000000",
      "tradeId": "6049727979468801",
      "type": "match",
      "time_received": "10:00:00.0854"
    },
    {
      "makerOrderId": "6752bf95a398ab000787d4a5",
      "price": "0.174",
      "sequence": "6049727979468804",
      "side": "buy",
      "size": "7201",
      "symbol": "F-USDT",
      "takerOrderId": "6752cb20b1d2ab0007deb5f9",
      "time": "1733479200040000000",
      "tradeId": "6049727979468804",
      "type": "match",
      "time_received": "10:00:00.0855"
    },
    {
      "makerOrderId": "6752bf95a398ab000787d4a5",
      "price": "0.174",
      "sequence": "6049727980779521",
      "side": "buy",
      "size": "383",
      "symbol": "F-USDT",
      "takerOrderId": "6752cb20b1d2ab0007deb5dc",
      "time": "1733479200041000000",
      "tradeId": "6049727980779521",
      "type": "match",
      "time_received": "10:00:00.0858"
    },
    {
      "makerOrderId": "6752c724ecb8b20007dff1c6",
      "price": "0.175",
      "sequence": "6049727980779524",
      "side": "buy",
      "size": "6995",
      "symbol": "F-USDT",
      "takerOrderId": "6752cb20b1d2ab0007deb5dc",
      "time": "1733479200041000000",
      "tradeId": "6049727980779524",
      "type": "match",
      "time_received": "10:00:00.0858"
    },
    {
      "makerOrderId": "6752c724ecb8b20007dff1c6",
      "price": "0.175",
      "sequence": "6049727980910593",
      "side": "buy",
      "size": "3005",
      "symbol": "F-USDT",
      "takerOrderId": "6752cb20b1d2ab0007deb5e5",
      "time": "1733479200041000000",
      "tradeId": "6049727980910593",
      "type": "match",
      "time_received": "10:00:00.0859"
    },
    {
      "makerOrderId": "6752bf953bb37e000766d36b",
      "price": "0.1754",
      "sequence": "6049727980910596",
      "side": "buy",
      "size": "4373",
      "symbol": "F-USDT",
      "takerOrderId": "6752cb20b1d2ab0007deb5e5",
      "time": "1733479200041000000",
      "tradeId": "6049727980910596",
      "type": "match",
      "time_received": "10:00:00.0860"
    },
    {
      "makerOrderId": "6752bf953bb37e000766d36b",
      "price": "0.1754",
      "sequence": "6049727981041665",
      "side": "buy",
      "size": "3240",
      "symbol": "F-USDT",
      "takerOrderId": "6752cb20b1d2ab0007deb643",
      "time": "1733479200042000000",
      "tradeId": "6049727981041665",
      "type": "match",
      "time_received": "10:00:00.1430"
    },
    {
      "makerOrderId": "6752bf959574f30007ff5890",
      "price": "0.1869",
      "sequence": "6049727981041668",
      "side": "buy",
      "size": "4116",
      "symbol": "F-USDT",
      "takerOrderId": "6752cb20b1d2ab0007deb643",
      "time": "1733479200042000000",
      "tradeId": "6049727981041668",
      "type": "match",
      "time_received": "10:00:00.1430"
    },
    {
      "makerOrderId": "6752bf959574f30007ff5890",
      "price": "0.1869",
      "sequence": "6049727983663105",
      "side": "buy",
      "size": "3659",
      "symbol": "F-USDT",
      "takerOrderId": "6752cb2041bdfd0007f2ed5b",
      "time": "1733479200048000000",
      "tradeId": "6049727983663105",
      "type": "match",
      "time_received": "10:00:00.1431"
    },
    {
      "makerOrderId": "6752c7249574f30007407d8d",
      "price": "0.2",
      "sequence": "6049727983663108",
      "side": "buy",
      "size": "3697",
      "symbol": "F-USDT",
      "takerOrderId": "6752cb2041bdfd0007f2ed5b",
      "time": "1733479200048000000",
      "tradeId": "6049727983663108",
      "type": "match",
      "time_received": "10:00:00.1431"
    },
    {
      "makerOrderId": "6752c7249574f30007407d8d",
      "price": "0.2",
      "sequence": "6049727983794177",
      "side": "buy",
      "size": "7378",
      "symbol": "F-USDT",
      "takerOrderId": "6752cb2041bdfd0007f2ed30",
      "time": "1733479200048000000",
      "tradeId": "6049727983794177",
      "type": "match",
      "time_received": "10:00:00.1431"
    },
    {
      "makerOrderId": "6752c7249574f30007407d8d",
      "price": "0.2",
      "sequence": "6049727984580609",
      "side": "buy",
      "size": "7378",
      "symbol": "F-USDT",
      "takerOrderId": "6752cb20b1d2ab0007deb69a",
      "time": "1733479200050000000",
      "tradeId": "6049727984580609",
      "type": "match",
      "time_received": "10:00:00.1432"
    },
    {
      "makerOrderId": "6752c7249574f30007407d8d",
      "price": "0.2",
      "sequence": "6049727984842753",
      "side": "buy",
      "size": "1547",
      "symbol": "F-USDT",
      "takerOrderId": "6752cb2041bdfd0007f2ed43",
      "time": "1733479200050000000",
      "tradeId": "6049727984842753",
      "type": "match",
      "time_received": "10:00:00.1432"
    },
    {
      "makerOrderId": "6752bf957cf7ff000792b238",
      "price": "0.2008",
      "sequence": "6049727984842756",
      "side": "buy",
      "size": "5809",
      "symbol": "F-USDT",
      "takerOrderId": "6752cb2041bdfd0007f2ed43",
      "time": "1733479200050000000",
      "tradeId": "6049727984842756",
      "type": "match",
      "time_received": "10:00:00.1433"
    },
    {
      "makerOrderId": "6752bf957cf7ff000792b238",
      "price": "0.2008",
      "sequence": "6049727984973825",
      "side": "buy",
      "size": "2062",
      "symbol": "F-USDT",
      "takerOrderId": "6752cb2041bdfd0007f2ed5f",
      "time": "1733479200050000000",
      "tradeId": "6049727984973825",
      "type": "match",
      "time_received": "10:00:00.1433"
    },
    {
      "makerOrderId": "6752bf957cf7ff000792b214",
      "price": "0.2023",
      "sequence": "6049727984973828",
      "side": "buy",
      "size": "5316",
      "symbol": "F-USDT",
      "takerOrderId": "6752cb2041bdfd0007f2ed5f",
      "time": "1733479200050000000",
      "tradeId": "6049727984973828",
      "type": "match",
      "time_received": "10:00:00.1433"
    },
    {
      "makerOrderId": "6752bf957cf7ff000792b214",
      "price": "0.2023",
      "sequence": "6049727985235969",
      "side": "buy",
      "size": "2588",
      "symbol": "F-USDT",
      "takerOrderId": "6752cb2041bdfd0007f2ed99",
      "time": "1733479200050000000",
      "tradeId": "6049727985235969",
      "type": "match",
      "time_received": "10:00:00.1434"
    },
    {
      "makerOrderId": "6752bf95a398ab000787d439",
      "price": "0.2058",
      "sequence": "6049727985235972",
      "side": "buy",
      "size": "4790",
      "symbol": "F-USDT",
      "takerOrderId": "6752cb2041bdfd0007f2ed99",
      "time": "1733479200050000000",
      "tradeId": "6049727985235972",
      "type": "match",
      "time_received": "10:00:00.1434"
    },
    {
      "makerOrderId": "6752bf95a398ab000787d439",
      "price": "0.2058",
      "sequence": "6049727985367041",
      "side": "buy",
      "size": "3281",
      "symbol": "F-USDT",
      "takerOrderId": "6752cb2041bdfd0007f2ed62",
      "time": "1733479200050000000",
      "tradeId": "6049727985367041",
      "type": "match",
      "time_received": "10:00:00.1435"
    },
    {
      "makerOrderId": "6752bf959574f30007ff5838",
      "price": "0.2084",
      "sequence": "6049727985367044",
      "side": "buy",
      "size": "4053",
      "symbol": "F-USDT",
      "takerOrderId": "6752cb2041bdfd0007f2ed62",
      "time": "1733479200050000000",
      "tradeId": "6049727985367044",
      "type": "match",
      "time_received": "10:00:00.1435"
    },
    {
      "makerOrderId": "6752bf959574f30007ff5838",
      "price": "0.2084",
      "sequence": "6049727987070977",
      "side": "buy",
      "size": "4275",
      "symbol": "F-USDT",
      "takerOrderId": "6752cb20b1d2ab0007deb6cd",
      "time": "1733479200053000000",
      "tradeId": "6049727987070977",
      "type": "match",
      "time_received": "10:00:00.1435"
    },
    {
      "makerOrderId": "6752bf95aef36e000799c4fe",
      "price": "0.2119",
      "sequence": "6049728075151361",
      "side": "buy",
      "size": "8365",
      "symbol": "F-USDT",
      "takerOrderId": "6752cb2041bdfd0007f2f2a0",
      "time": "1733479200208000000",
      "tradeId": "6049728075151361",
      "type": "match",
      "time_received": "10:00:00.2542"
    },
    {
      "makerOrderId": "6752bf959574f30007ff57f7",
      "price": "0.2155",
      "sequence": "6049728075151364",
      "side": "buy",
      "size": "8436",
      "symbol": "F-USDT",
      "takerOrderId": "6752cb2041bdfd0007f2f2a0",
      "time": "1733479200208000000",
      "tradeId": "6049728075151364",
      "type": "match",
      "time_received": "10:00:00.2543"
    },
    {
      "makerOrderId": "6752bf951ed0d80007e68a68",
      "price": "0.2168",
      "sequence": "6049728075151367",
      "side": "buy",
      "size": "5199",
      "symbol": "F-USDT",
      "takerOrderId": "6752cb2041bdfd0007f2f2a0",
      "time": "1733479200208000000",
      "tradeId": "6049728075151367",
      "type": "match",
      "time_received": "10:00:00.2544"
    },
    {
      "makerOrderId": "6752bf951ed0d80007e68a68",
      "price": "0.2168",
      "sequence": "6049728080001025",
      "side": "buy",
      "size": "3276",
      "symbol": "F-USDT",
      "takerOrderId": "6752cb2041bdfd0007f2f23b",
      "time": "1733479200217000000",
      "tradeId": "6049728080001025",
      "type": "match",
      "time_received": "10:00:00.2632"
    },
    {
      "makerOrderId": "6752bf95ecb8b200079ebfab",
      "price": "0.228",
      "sequence": "6049728150124545",
      "side": "buy",
      "size": "100",
      "symbol": "F-USDT",
      "takerOrderId": "6752cb207cf7ff0007f5e3e1",
      "time": "1733479200293000000",
      "tradeId": "6049728150124545",
      "type": "match",
      "time_received": "10:00:00.3392"
    },
    {
      "makerOrderId": "6752bf95ecb8b200079ebfab",
      "price": "0.228",
      "sequence": "6049728152614913",
      "side": "buy",
      "size": "100",
      "symbol": "F-USDT",
      "takerOrderId": "6752cb207cf7ff0007f5e496",
      "time": "1733479200298000000",
      "tradeId": "6049728152614913",
      "type": "match",
      "time_received": "10:00:00.3437"
    },
    {
      "makerOrderId": "6752bf95ecb8b200079ebfab",
      "price": "0.228",
      "sequence": "6049728155498497",
      "side": "buy",
      "size": "100",
      "symbol": "F-USDT",
      "takerOrderId": "6752cb201e1c9e0007a61558",
      "time": "1733479200302000000",
      "tradeId": "6049728155498497",
      "type": "match",
      "time_received": "10:00:00.3438"
    },
    {
      "makerOrderId": "6752bf95ecb8b200079ebfab",
      "price": "0.228",
      "sequence": "6049728164804609",
      "side": "buy",
      "size": "100",
      "symbol": "F-USDT",
      "takerOrderId": "6752cb20fe36bf000778a3cb",
      "time": "1733479200313000000",
      "tradeId": "6049728164804609",
      "type": "match",
      "time_received": "10:00:00.3552"
    },
    {
      "makerOrderId": "6752bf95ecb8b200079ebfab",
      "price": "0.228",
      "sequence": "6049728167688193",
      "side": "buy",
      "size": "100",
      "symbol": "F-USDT",
      "takerOrderId": "6752cb20b1d2ab0007debdc8",
      "time": "1733479200315000000",
      "tradeId": "6049728167688193",
      "type": "match",
      "time_received": "10:00:00.3609"
    },
    {
      "makerOrderId": "6752bf95ecb8b200079ebfab",
      "price": "0.228",
      "sequence": "6049728167819265",
      "side": "buy",
      "size": "100",
      "symbol": "F-USDT",
      "takerOrderId": "6752cb20b1d2ab0007debdc7",
      "time": "1733479200315000000",
      "tradeId": "6049728167819265",
      "type": "match",
      "time_received": "10:00:00.3612"
    },
    {
      "makerOrderId": "6752bf95ecb8b200079ebfab",
      "price": "0.228",
      "sequence": "6049728169392129",
      "side": "buy",
      "size": "100",
      "symbol": "F-USDT",
      "takerOrderId": "6752cb20716ab30007450f7e",
      "time": "1733479200317000000",
      "tradeId": "6049728169392129",
      "type": "match",
      "time_received": "10:00:00.3613"
    },
    {
      "makerOrderId": "6752bf95ecb8b200079ebfab",
      "price": "0.228",
      "sequence": "6049728174635009",
      "side": "buy",
      "size": "100",
      "symbol": "F-USDT",
      "takerOrderId": "6752cb20b1d2ab0007debe5b",
      "time": "1733479200323000000",
      "tradeId": "6049728174635009",
      "type": "match",
      "time_received": "10:00:00.3663"
    },
    {
      "makerOrderId": "6752bf95ecb8b200079ebfab",
      "price": "0.228",
      "sequence": "6049728192198657",
      "side": "buy",
      "size": "100",
      "symbol": "F-USDT",
      "takerOrderId": "6752cb20fd061e0007f3a17a",
      "time": "1733479200347000000",
      "tradeId": "6049728192198657",
      "type": "match",
      "time_received": "10:00:00.3920"
    },
    {
      "makerOrderId": "6752bf95ecb8b200079ebfab",
      "price": "0.228",
      "sequence": "6049728192329729",
      "side": "buy",
      "size": "100",
      "symbol": "F-USDT",
      "takerOrderId": "6752cb20ecb8b2000701fdc6",
      "time": "1733479200347000000",
      "tradeId": "6049728192329729",
      "type": "match",
      "time_received": "10:00:00.3922"
    },
    {
      "makerOrderId": "6752bf95ecb8b200079ebfab",
      "price": "0.228",
      "sequence": "6049728199538689",
      "side": "buy",
      "size": "100",
      "symbol": "F-USDT",
      "takerOrderId": "6752cb201ed0d8000749c881",
      "time": "1733479200359000000",
      "tradeId": "6049728199538689",
      "type": "match",
      "time_received": "10:00:00.4063"
    },
    {
      "makerOrderId": "6752bf95ecb8b200079ebfab",
      "price": "0.228",
      "sequence": "6049728199931905",
      "side": "buy",
      "size": "100",
      "symbol": "F-USDT",
      "takerOrderId": "6752cb203ecf430007b6fdb7",
      "time": "1733479200360000000",
      "tradeId": "6049728199931905",
      "type": "match",
      "time_received": "10:00:00.4065"
    },
    {
      "makerOrderId": "6752bf95ecb8b200079ebfab",
      "price": "0.228",
      "sequence": "6049728207665153",
      "side": "buy",
      "size": "1000",
      "symbol": "F-USDT",
      "takerOrderId": "6752cb20fe36bf000778a501",
      "time": "1733479200373000000",
      "tradeId": "6049728207665153",
      "type": "match",
      "time_received": "10:00:00.4230"
    },
    {
      "makerOrderId": "6752bf95ecb8b200079ebfab",
      "price": "0.228",
      "sequence": "6049728214743041",
      "side": "buy",
      "size": "100",
      "symbol": "F-USDT",
      "takerOrderId": "6752cb2041bdfd0007f2f670",
      "time": "1733479200384000000",
      "tradeId": "6049728214743041",
      "type": "match",
      "time_received": "10:00:00.4290"
    },
    {
      "makerOrderId": "6752bf95ecb8b200079ebfab",
      "price": "0.228",
      "sequence": "6049728222083073",
      "side": "buy",
      "size": "10",
      "symbol": "F-USDT",
      "takerOrderId": "6752cb20fd061e0007f3a262",
      "time": "1733479200391000000",
      "tradeId": "6049728222083073",
      "type": "match",
      "time_received": "10:00:00.4368"
    },
    {
      "makerOrderId": "6752bf95ecb8b200079ebfab",
      "price": "0.228",
      "sequence": "6049728225490945",
      "side": "buy",
      "size": "100",
      "symbol": "F-USDT",
      "takerOrderId": "6752cb20fe36bf000778a5d9",
      "time": "1733479200399000000",
      "tradeId": "6049728225490945",
      "type": "match",
      "time_received": "10:00:00.4421"
    },
    {
      "makerOrderId": "6752bf95ecb8b200079ebfab",
      "price": "0.228",
      "sequence": "6049728228112385",
      "side": "buy",
      "size": "100",
      "symbol": "F-USDT",
      "takerOrderId": "6752cb20b1d2ab0007debfd7",
      "time": "1733479200406000000",
      "tradeId": "6049728228112385",
      "type": "match",
      "time_received": "10:00:00.4484"
    },
    {
      "makerOrderId": "6752bf95ecb8b200079ebfab",
      "price": "0.228",
      "sequence": "6049728242006017",
      "side": "buy",
      "size": "100",
      "symbol": "F-USDT",
      "takerOrderId": "6752cb20fd061e0007f3a365",
      "time": "1733479200432000000",
      "tradeId": "6049728242006017",
      "type": "match",
      "time_received": "10:00:00.4769"
    },
    {
      "makerOrderId": "6752bf95ecb8b200079ebfab",
      "price": "0.228",
      "sequence": "6049728259438593",
      "side": "buy",
      "size": "400",
      "symbol": "F-USDT",
      "takerOrderId": "6752cb2041bdfd0007f2f7c5",
      "time": "1733479200465000000",
      "tradeId": "6049728259438593",
      "type": "match",
      "time_received": "10:00:00.5077"
    },
    {
      "makerOrderId": "6752bf95ecb8b200079ebfab",
      "price": "0.228",
      "sequence": "6049728262977537",
      "side": "buy",
      "size": "100",
      "symbol": "F-USDT",
      "takerOrderId": "6752cb20ff2a9e0007667012",
      "time": "1733479200472000000",
      "tradeId": "6049728262977537",
      "type": "match",
      "time_received": "10:00:00.5199"
    },
    {
      "makerOrderId": "6752bf95ecb8b200079ebfab",
      "price": "0.228",
      "sequence": "6049728273725441",
      "side": "buy",
      "size": "100",
      "symbol": "F-USDT",
      "takerOrderId": "6752cb20e7750000076c73e2",
      "time": "1733479200497000000",
      "tradeId": "6049728273725441",
      "type": "match",
      "time_received": "10:00:00.5456"
    },
    {
      "makerOrderId": "6752bf95ecb8b200079ebfab",
      "price": "0.228",
      "sequence": "6049728316717057",
      "side": "buy",
      "size": "100",
      "symbol": "F-USDT",
      "takerOrderId": "6752cb20a398ab0007eb0d9d",
      "time": "1733479200553000000",
      "tradeId": "6049728316717057",
      "type": "match",
      "time_received": "10:00:00.6005"
    },
    {
      "makerOrderId": "6752cb201e1c9e0007a617bf",
      "price": "0.21701",
      "sequence": "6049728400865281",
      "side": "sell",
      "size": "10",
      "symbol": "F-USDT",
      "takerOrderId": "6752cb20a398ab0007eb115d",
      "time": "1733479200680000000",
      "tradeId": "6049728400865281",
      "type": "match",
      "time_received": "10:00:00.7269"
    },
    {
      "makerOrderId": "6752cb201e1c9e0007a617bf",
      "price": "0.21701",
      "sequence": "6049728402831361",
      "side": "sell",
      "size": "10",
      "symbol": "F-USDT",
      "takerOrderId": "6752cb20b1d2ab0007dec604",
      "time": "1733479200683000000",
      "tradeId": "6049728402831361",
      "type": "match",
      "time_received": "10:00:00.7272"
    },
    {
      "makerOrderId": "6752cb201e1c9e0007a617bf",
      "price": "0.21701",
      "sequence": "6049728405714945",
      "side": "sell",
      "size": "10",
      "symbol": "F-USDT",
      "takerOrderId": "6752cb203bb37e0007ca1d3c",
      "time": "1733479200689000000",
      "tradeId": "6049728405714945",
      "type": "match",
      "time_received": "10:00:00.7323"
    },
    {
      "makerOrderId": "6752bf95ecb8b200079ebfab",
      "price": "0.228",
      "sequence": "6049728505067521",
      "side": "buy",
      "size": "940.4",
      "symbol": "F-USDT",
      "takerOrderId": "6752cb20f5179000072f89f9",
      "time": "1733479200845000000",
      "tradeId": "6049728505067521",
      "type": "match",
      "time_received": "10:00:00.8911"
    },
    {
      "makerOrderId": "6752cb201e1c9e0007a617bf",
      "price": "0.21701",
      "sequence": "6049728607172609",
      "side": "sell",
      "size": "10",
      "symbol": "F-USDT",
      "takerOrderId": "6752cb20fd80ce0007d57c7b",
      "time": "1733479200983000000",
      "tradeId": "6049728607172609",
      "type": "match",
      "time_received": "10:00:01.0292"
    },
    {
      "makerOrderId": "6752cb201e1c9e0007a617bf",
      "price": "0.21701",
      "sequence": "6049728609531905",
      "side": "sell",
      "size": "7",
      "symbol": "F-USDT",
      "takerOrderId": "6752cb20b1d2ab0007decb5c",
      "time": "1733479200987000000",
      "tradeId": "6049728609531905",
      "type": "match",
      "time_received": "10:00:01.0294"
    },
    {
      "makerOrderId": "6752cb201ed0d8000749cd6c",
      "price": "0.21701",
      "sequence": "6049728609531908",
      "side": "sell",
      "size": "3",
      "symbol": "F-USDT",
      "takerOrderId": "6752cb20b1d2ab0007decb5c",
      "time": "1733479200987000000",
      "tradeId": "6049728609531908",
      "type": "match",
      "time_received": "10:00:01.0294"
    },
    {
      "makerOrderId": "6752cb201ed0d8000749cd6c",
      "price": "0.21701",
      "sequence": "6049728612284417",
      "side": "sell",
      "size": "10",
      "symbol": "F-USDT",
      "takerOrderId": "6752cb20fd061e0007f3aeed",
      "time": "1733479200994000000",
      "tradeId": "6049728612284417",
      "type": "match",
      "time_received": "10:00:01.0406"
    },
    {
      "makerOrderId": "6752cb218338b90007982783",
      "price": "0.21702",
      "sequence": "6049728730249217",
      "side": "sell",
      "size": "10",
      "symbol": "F-USDT",
      "takerOrderId": "6752cb217cf7ff0007f5f4ea",
      "time": "1733479201276000000",
      "tradeId": "6049728730249217",
      "type": "match",
      "time_received": "10:00:01.3532"
    },
    {
      "makerOrderId": "6752cb218338b90007982783",
      "price": "0.21702",
      "sequence": "6049728732608513",
      "side": "sell",
      "size": "10",
      "symbol": "F-USDT",
      "takerOrderId": "6752cb21fe36bf000778b40b",
      "time": "1733479201281000000",
      "tradeId": "6049728732608513",
      "type": "match",
      "time_received": "10:00:01.3533"
    },
    {
      "makerOrderId": "6752cb218338b90007982783",
      "price": "0.21702",
      "sequence": "6049728739031041",
      "side": "sell",
      "size": "2.9",
      "symbol": "F-USDT",
      "takerOrderId": "6752cb21716ab30007451ff9",
      "time": "1733479201295000000",
      "tradeId": "6049728739031041",
      "type": "match",
      "time_received": "10:00:01.3535"
    },
    {
      "makerOrderId": "6752cb201ed0d8000749cd6c",
      "price": "0.21701",
      "sequence": "6049728739031044",
      "side": "sell",
      "size": "7.1",
      "symbol": "F-USDT",
      "takerOrderId": "6752cb21716ab30007451ff9",
      "time": "1733479201295000000",
      "tradeId": "6049728739031044",
      "type": "match",
      "time_received": "10:00:01.3536"
    },
    {
      "makerOrderId": "6752cb201ed0d8000749cd6c",
      "price": "0.21701",
      "sequence": "6049728882685959",
      "side": "sell",
      "size": "10",
      "symbol": "F-USDT",
      "takerOrderId": "6752cb21f5179000072f91b9",
      "time": "1733479201572000000",
      "tradeId": "6049728882685959",
      "type": "match",
      "time_received": "10:00:01.6192"
    },
    {
      "makerOrderId": "6752cb201ed0d8000749cd6c",
      "price": "0.21701",
      "sequence": "6049728893302785",
      "side": "sell",
      "size": "10",
      "symbol": "F-USDT",
      "takerOrderId": "6752cb21ecb8b200070210ff",
      "time": "1733479201597000000",
      "tradeId": "6049728893302785",
      "type": "match",
      "time_received": "10:00:01.6439"
    },
    {
      "makerOrderId": "6752cb201ed0d8000749cd6c",
      "price": "0.21701",
      "sequence": "6049728893433857",
      "side": "sell",
      "size": "10",
      "symbol": "F-USDT",
      "takerOrderId": "6752cb21ecb8b20007021101",
      "time": "1733479201597000000",
      "tradeId": "6049728893433857",
      "type": "match",
      "time_received": "10:00:01.6441"
    },
    {
      "makerOrderId": "6752bf95ecb8b200079ebfab",
      "price": "0.228",
      "sequence": "6049728901953537",
      "side": "buy",
      "size": "100",
      "symbol": "F-USDT",
      "takerOrderId": "6752cb2141bdfd0007f30905",
      "time": "1733479201611000000",
      "tradeId": "6049728901953537",
      "type": "match",
      "time_received": "10:00:01.6571"
    },
    {
      "makerOrderId": "6752bf95ecb8b200079ebfab",
      "price": "0.228",
      "sequence": "6049728912308225",
      "side": "buy",
      "size": "91.5",
      "symbol": "F-USDT",
      "takerOrderId": "6752cb21ecb8b20007021143",
      "time": "1733479201627000000",
      "tradeId": "6049728912308225",
      "type": "match",
      "time_received": "10:00:01.6730"
    },
    {
      "makerOrderId": "6752cb201ed0d8000749cd6c",
      "price": "0.21701",
      "sequence": "6049728994621441",
      "side": "sell",
      "size": "10",
      "symbol": "F-USDT",
      "takerOrderId": "6752cb21ecb8b200070212e7",
      "time": "1733479201870000000",
      "tradeId": "6049728994621441",
      "type": "match",
      "time_received": "10:00:01.9189"
    },
    {
      "makerOrderId": "6752bf95ecb8b200079ebfab",
      "price": "0.228",
      "sequence": "6049728995276801",
      "side": "buy",
      "size": "417.5",
      "symbol": "F-USDT",
      "takerOrderId": "6752cb217cf7ff0007f5fa1e",
      "time": "1733479201874000000",
      "tradeId": "6049728995276801",
      "type": "match",
      "time_received": "10:00:01.9191"
    },
    {
      "makerOrderId": "6752cb201ed0d8000749cd6c",
      "price": "0.21701",
      "sequence": "6049729026996225",
      "side": "sell",
      "size": "10",
      "symbol": "F-USDT",
      "takerOrderId": "6752cb21aef36e0007fd1483",
      "time": "1733479201904000000",
      "tradeId": "6049729026996225",
      "type": "match",
      "time_received": "10:00:01.9533"
    },
    {
      "makerOrderId": "6752cb201ed0d8000749cd6c",
      "price": "0.21701",
      "sequence": "6049729048885249",
      "side": "sell",
      "size": "10",
      "symbol": "F-USDT",
      "takerOrderId": "6752cb21aef36e0007fd14ee",
      "time": "1733479201976000000",
      "tradeId": "6049729048885249",
      "type": "match",
      "time_received": "10:00:02.0197"
    },
    {
      "makerOrderId": "6752bf95ecb8b200079ebfab",
      "price": "0.228",
      "sequence": "6049729078507521",
      "side": "buy",
      "size": "417.5",
      "symbol": "F-USDT",
      "takerOrderId": "6752cb223bb37e0007ca2b4d",
      "time": "1733479202057000000",
      "tradeId": "6049729078507521",
      "type": "match",
      "time_received": "10:00:02.1044"
    },
    {
      "makerOrderId": "6752bf95ecb8b200079ebfab",
      "price": "0.228",
      "sequence": "6049729127790593",
      "side": "buy",
      "size": "417.5",
      "symbol": "F-USDT",
      "takerOrderId": "6752cb22b1d2ab0007ded5a0",
      "time": "1733479202175000000",
      "tradeId": "6049729127790593",
      "type": "match",
      "time_received": "10:00:02.2172"
    },
    {
      "makerOrderId": "6752cb201ed0d8000749cd6c",
      "price": "0.21701",
      "sequence": "6049729138407425",
      "side": "sell",
      "size": "10",
      "symbol": "F-USDT",
      "takerOrderId": "6752cb227cf7ff0007f5fc83",
      "time": "1733479202204000000",
      "tradeId": "6049729138407425",
      "type": "match",
      "time_received": "10:00:02.2471"
    },
    {
      "makerOrderId": "6752cb201ed0d8000749cd6c",
      "price": "0.21701",
      "sequence": "6049729138538497",
      "side": "sell",
      "size": "5.2",
      "symbol": "F-USDT",
      "takerOrderId": "6752cb22aef36e0007fd1691",
      "time": "1733479202204000000",
      "tradeId": "6049729138538497",
      "type": "match",
      "time_received": "10:00:02.2472"
    },
    {
      "makerOrderId": "6752cb2041bdfd0007f2f23b",
      "price": "0.217",
      "sequence": "6049729138538500",
      "side": "sell",
      "size": "4.8",
      "symbol": "F-USDT",
      "takerOrderId": "6752cb22aef36e0007fd1691",
      "time": "1733479202204000000",
      "tradeId": "6049729138538500",
      "type": "match",
      "time_received": "10:00:02.2473"
    },
    {
      "makerOrderId": "6752cb2041bdfd0007f2f23b",
      "price": "0.217",
      "sequence": "6049729166456833",
      "side": "sell",
      "size": "10",
      "symbol": "F-USDT",
      "takerOrderId": "6752cb22ecb8b200070215ea",
      "time": "1733479202287000000",
      "tradeId": "6049729166456833",
      "type": "match",
      "time_received": "10:00:02.3308"
    },
    {
      "makerOrderId": "6752cb221ed0d8000749dfb6",
      "price": "0.22797",
      "sequence": "6049729181267969",
      "side": "buy",
      "size": "11.4",
      "symbol": "F-USDT",
      "takerOrderId": "6752cb22f5179000072f9726",
      "time": "1733479202331000000",
      "tradeId": "6049729181267969",
      "type": "match",
      "time_received": "10:00:02.3771"
    },
    {
      "makerOrderId": "6752bf95ecb8b200079ebfab",
      "price": "0.228",
      "sequence": "6049729181267972",
      "side": "buy",
      "size": "406.1",
      "symbol": "F-USDT",
      "takerOrderId": "6752cb22f5179000072f9726",
      "time": "1733479202331000000",
      "tradeId": "6049729181267972",
      "type": "match",
      "time_received": "10:00:02.3772"
    },
    {
      "makerOrderId": "6752bf95ecb8b200079ebfab",
      "price": "0.228",
      "sequence": "6049729229502469",
      "side": "buy",
      "size": "222.6",
      "symbol": "F-USDT",
      "takerOrderId": "6752cb22f5179000072f97c3",
      "time": "1733479202454000000",
      "tradeId": "6049729229502469",
      "type": "match",
      "time_received": "10:00:02.5007"
    },
    {
      "makerOrderId": "6752cb2041bdfd0007f2f23b",
      "price": "0.217",
      "sequence": "6049729247459329",
      "side": "sell",
      "size": "10",
      "symbol": "F-USDT",
      "takerOrderId": "6752cb22fe36bf000778bd84",
      "time": "1733479202500000000",
      "tradeId": "6049729247459329",
      "type": "match",
      "time_received": "10:00:02.5457"
    },
    {
      "makerOrderId": "6752cb2041bdfd0007f2f23b",
      "price": "0.217",
      "sequence": "6049729247590401",
      "side": "sell",
      "size": "10",
      "symbol": "F-USDT",
      "takerOrderId": "6752cb22ff2a9e00076686fd",
      "time": "1733479202500000000",
      "tradeId": "6049729247590401",
      "type": "match",
      "time_received": "10:00:02.5459"
    },
    {
      "makerOrderId": "6752cb2041bdfd0007f2f23b",
      "price": "0.217",
      "sequence": "6049729289533441",
      "side": "sell",
      "size": "10",
      "symbol": "F-USDT",
      "takerOrderId": "6752cb22a398ab0007eb239e",
      "time": "1733479202616000000",
      "tradeId": "6049729289533441",
      "type": "match",
      "time_received": "10:00:02.6635"
    },
    {
      "makerOrderId": "6752bf95ecb8b200079ebfab",
      "price": "0.228",
      "sequence": "6049729298839553",
      "side": "buy",
      "size": "49.3",
      "symbol": "F-USDT",
      "takerOrderId": "6752cb22f5179000072f9960",
      "time": "1733479202640000000",
      "tradeId": "6049729298839553",
      "type": "match",
      "time_received": "10:00:02.6912"
    },
    {
      "makerOrderId": "6752cb22b1d2ab0007ded929",
      "price": "0.21835",
      "sequence": "6049729391900673",
      "side": "sell",
      "size": "10",
      "symbol": "F-USDT",
      "takerOrderId": "6752cb22ecb8b200070219bf",
      "time": "1733479202858000000",
      "tradeId": "6049729391900673",
      "type": "match",
      "time_received": "10:00:02.9004"
    },
    {
      "makerOrderId": "6752cb22b1d2ab0007ded929",
      "price": "0.21835",
      "sequence": "6049729393342465",
      "side": "sell",
      "size": "10",
      "symbol": "F-USDT",
      "takerOrderId": "6752cb229574f3000762a0c6",
      "time": "1733479202862000000",
      "tradeId": "6049729393342465",
      "type": "match",
      "time_received": "10:00:02.9101"
    },
    {
      "makerOrderId": "6752cb22b1d2ab0007ded929",
      "price": "0.21835",
      "sequence": "6049729436334081",
      "side": "sell",
      "size": "10",
      "symbol": "F-USDT",
      "takerOrderId": "6752cb22fd80ce0007d58b82",
      "time": "1733479202911000000",
      "tradeId": "6049729436334081",
      "type": "match",
      "time_received": "10:00:02.9585"
    },
    {
      "makerOrderId": "6752cb22b1d2ab0007ded929",
      "price": "0.21835",
      "sequence": "6049729612363783",
      "side": "sell",
      "size": "10",
      "symbol": "F-USDT",
      "takerOrderId": "6752cb237cf7ff0007f60590",
      "time": "1733479203270000000",
      "tradeId": "6049729612363783",
      "type": "match",
      "time_received": "10:00:03.3152"
    },
    {
      "makerOrderId": "6752cb22b1d2ab0007ded929",
      "price": "0.21835",
      "sequence": "6049729618393089",
      "side": "sell",
      "size": "10",
      "symbol": "F-USDT",
      "takerOrderId": "6752cb2341bdfd0007f315f5",
      "time": "1733479203283000000",
      "tradeId": "6049729618393089",
      "type": "match",
      "time_received": "10:00:03.3264"
    },
    {
      "makerOrderId": "6752cb22b1d2ab0007ded929",
      "price": "0.21835",
      "sequence": "6049729620228097",
      "side": "sell",
      "size": "10",
      "symbol": "F-USDT",
      "takerOrderId": "6752cb23fd80ce0007d58fc8",
      "time": "1733479203287000000",
      "tradeId": "6049729620228097",
      "type": "match",
      "time_received": "10:00:03.3323"
    },
    {
      "makerOrderId": "6752cb237cf7ff0007f60651",
      "price": "0.21837",
      "sequence": "6049729791277057",
      "side": "sell",
      "size": "10",
      "symbol": "F-USDT",
      "takerOrderId": "6752cb23ecb8b20007022161",
      "time": "1733479203675000000",
      "tradeId": "6049729791277057",
      "type": "match",
      "time_received": "10:00:03.7209"
    },
    {
      "makerOrderId": "6752cb237cf7ff0007f60651",
      "price": "0.21837",
      "sequence": "6049729792980993",
      "side": "sell",
      "size": "7.3",
      "symbol": "F-USDT",
      "takerOrderId": "6752cb231ed0d8000749ec44",
      "time": "1733479203678000000",
      "tradeId": "6049729792980993",
      "type": "match",
      "time_received": "10:00:03.7249"
    },
    {
      "makerOrderId": "6752cb22b1d2ab0007ded929",
      "price": "0.21835",
      "sequence": "6049729792980996",
      "side": "sell",
      "size": "2.7",
      "symbol": "F-USDT",
      "takerOrderId": "6752cb231ed0d8000749ec44",
      "time": "1733479203678000000",
      "tradeId": "6049729792980996",
      "type": "match",
      "time_received": "10:00:03.7250"
    },
    {
      "makerOrderId": "6752cb22b1d2ab0007ded929",
      "price": "0.21835",
      "sequence": "6049729796257793",
      "side": "sell",
      "size": "10",
      "symbol": "F-USDT",
      "takerOrderId": "6752cb23716ab300074533b1",
      "time": "1733479203687000000",
      "tradeId": "6049729796257793",
      "type": "match",
      "time_received": "10:00:03.7372"
    },
    {
      "makerOrderId": "6752bf95ecb8b200079ebfab",
      "price": "0.228",
      "sequence": "6049729928509441",
      "side": "buy",
      "size": "10.8",
      "symbol": "F-USDT",
      "takerOrderId": "6752cb239574f3000762aaad",
      "time": "1733479203956000000",
      "tradeId": "6049729928509441",
      "type": "match",
      "time_received": "10:00:04.0030"
    },
    {
      "makerOrderId": "6752cb22b1d2ab0007ded929",
      "price": "0.21835",
      "sequence": "6049729936898049",
      "side": "sell",
      "size": "10",
      "symbol": "F-USDT",
      "takerOrderId": "6752cb231ed0d8000749ee9b",
      "time": "1733479203974000000",
      "tradeId": "6049729936898049",
      "type": "match",
      "time_received": "10:00:04.0193"
    },
    {
      "makerOrderId": "6752cb22b1d2ab0007ded929",
      "price": "0.21835",
      "sequence": "6049729937422337",
      "side": "sell",
      "size": "10",
      "symbol": "F-USDT",
      "takerOrderId": "6752cb23fe36bf000778ca01",
      "time": "1733479203976000000",
      "tradeId": "6049729937422337",
      "type": "match",
      "time_received": "10:00:04.0236"
    },
    {
      "makerOrderId": "6752cb22b1d2ab0007ded929",
      "price": "0.21835",
      "sequence": "6049729938864129",
      "side": "sell",
      "size": "10",
      "symbol": "F-USDT",
      "takerOrderId": "6752cb231ed0d8000749eeb0",
      "time": "1733479203985000000",
      "tradeId": "6049729938864129",
      "type": "match",
      "time_received": "10:00:04.0304"
    },
    {
      "makerOrderId": "6752bf95ecb8b200079ebfab",
      "price": "0.228",
      "sequence": "6049730025240577",
      "side": "buy",
      "size": "61.1",
      "symbol": "F-USDT",
      "takerOrderId": "6752cb248338b900079840fa",
      "time": "1733479204236000000",
      "tradeId": "6049730025240577",
      "type": "match",
      "time_received": "10:00:04.2778"
    },
    {
      "makerOrderId": "6752cb22b1d2ab0007ded929",
      "price": "0.21835",
      "sequence": "6049730042935297",
      "side": "sell",
      "size": "10",
      "symbol": "F-USDT",
      "takerOrderId": "6752cb243bb37e0007ca3da6",
      "time": "1733479204283000000",
      "tradeId": "6049730042935297",
      "type": "match",
      "time_received": "10:00:04.3305"
    },
    {
      "makerOrderId": "6752cb22b1d2ab0007ded929",
      "price": "0.21835",
      "sequence": "6049730050930689",
      "side": "sell",
      "size": "10",
      "symbol": "F-USDT",
      "takerOrderId": "6752cb247cf7ff0007f60e5e",
      "time": "1733479204296000000",
      "tradeId": "6049730050930689",
      "type": "match",
      "time_received": "10:00:04.3436"
    },
    {
      "makerOrderId": "6752cb22b1d2ab0007ded929",
      "price": "0.21835",
      "sequence": "6049730054862849",
      "side": "sell",
      "size": "10",
      "symbol": "F-USDT",
      "takerOrderId": "6752cb249574f3000762addd",
      "time": "1733479204303000000",
      "tradeId": "6049730054862849",
      "type": "match",
      "time_received": "10:00:04.3492"
    },
    {
      "makerOrderId": "6752bf95ecb8b200079ebfab",
      "price": "0.228",
      "sequence": "6049730176759809",
      "side": "buy",
      "size": "21",
      "symbol": "F-USDT",
      "takerOrderId": "6752cb24a398ab0007eb3541",
      "time": "1733479204514000000",
      "tradeId": "6049730176759809",
      "type": "match",
      "time_received": "10:00:04.5592"
    },
    {
      "makerOrderId": "6752cb22b1d2ab0007ded929",
      "price": "0.21835",
      "sequence": "6049730217654273",
      "side": "sell",
      "size": "10",
      "symbol": "F-USDT",
      "takerOrderId": "6752cb2441bdfd0007f32268",
      "time": "1733479204587000000",
      "tradeId": "6049730217654273",
      "type": "match",
      "time_received": "10:00:04.6342"
    },
    {
      "makerOrderId": "6752cb22b1d2ab0007ded929",
      "price": "0.21835",
      "sequence": "6049730224338945",
      "side": "sell",
      "size": "10",
      "symbol": "F-USDT",
      "takerOrderId": "6752cb2441bdfd0007f32289",
      "time": "1733479204600000000",
      "tradeId": "6049730224338945",
      "type": "match",
      "time_received": "10:00:04.6431"
    },
    {
      "makerOrderId": "6752cb22b1d2ab0007ded929",
      "price": "0.21835",
      "sequence": "6049730226305025",
      "side": "sell",
      "size": "10",
      "symbol": "F-USDT",
      "takerOrderId": "6752cb24fd061e0007f3cf6e",
      "time": "1733479204605000000",
      "tradeId": "6049730226305025",
      "type": "match",
      "time_received": "10:00:04.6518"
    },
    {
      "makerOrderId": "6752cb24e7750000076ca06f",
      "price": "0.21845",
      "sequence": "6049730363013121",
      "side": "sell",
      "size": "10",
      "symbol": "F-USDT",
      "takerOrderId": "6752cb241e1c9e0007a64647",
      "time": "1733479204899000000",
      "tradeId": "6049730363013121",
      "type": "match",
      "time_received": "10:00:04.9519"
    },
    {
      "makerOrderId": "6752cb24e7750000076ca06f",
      "price": "0.21845",
      "sequence": "6049730367076353",
      "side": "sell",
      "size": "10",
      "symbol": "F-USDT",
      "takerOrderId": "6752cb24b1d2ab0007deee63",
      "time": "1733479204908000000",
      "tradeId": "6049730367076353",
      "type": "match",
      "time_received": "10:00:04.9566"
    },
    {
      "makerOrderId": "6752cb24e7750000076ca06f",
      "price": "0.21845",
      "sequence": "6049730369304577",
      "side": "sell",
      "size": "10",
      "symbol": "F-USDT",
      "takerOrderId": "6752cb24e7750000076ca0df",
      "time": "1733479204913000000",
      "tradeId": "6049730369304577",
      "type": "match",
      "time_received": "10:00:04.9615"
    },
    {
      "makerOrderId": "6752bf95ecb8b200079ebfab",
      "price": "0.228",
      "sequence": "6049730407839745",
      "side": "buy",
      "size": "2219.7",
      "symbol": "F-USDT",
      "takerOrderId": "6752cb24e7750000076ca187",
      "time": "1733479205016000000",
      "tradeId": "6049730407839745",
      "type": "match",
      "time_received": "10:00:05.0608"
    },
    {
      "makerOrderId": "6752cb21b1d2ab0007dece75",
      "price": "0.22801",
      "sequence": "6049730407839748",
      "side": "buy",
      "size": "47",
      "symbol": "F-USDT",
      "takerOrderId": "6752cb24e7750000076ca187",
      "time": "1733479205016000000",
      "tradeId": "6049730407839748",
      "type": "match",
      "time_received": "10:00:05.0608"
    },
    {
      "makerOrderId": "6752cb221ed0d8000749e195",
      "price": "0.22801",
      "sequence": "6049730407839751",
      "side": "buy",
      "size": "95.3",
      "symbol": "F-USDT",
      "takerOrderId": "6752cb24e7750000076ca187",
      "time": "1733479205016000000",
      "tradeId": "6049730407839751",
      "type": "match",
      "time_received": "10:00:05.0609"
    },
    {
      "makerOrderId": "6752cb24e7750000076ca187",
      "price": "0.22841",
      "sequence": "6049730544416769",
      "side": "sell",
      "size": "10",
      "symbol": "F-USDT",
      "takerOrderId": "6752cb25a398ab0007eb3d86",
      "time": "1733479205317000000",
      "tradeId": "6049730544416769",
      "type": "match",
      "time_received": "10:00:05.3626"
    },
    {
      "makerOrderId": "6752cb24e7750000076ca187",
      "price": "0.22841",
      "sequence": "6049730547169281",
      "side": "sell",
      "size": "10",
      "symbol": "F-USDT",
      "takerOrderId": "6752cb257cf7ff0007f619b2",
      "time": "1733479205328000000",
      "tradeId": "6049730547169281",
      "type": "match",
      "time_received": "10:00:05.3789"
    },
    {
      "makerOrderId": "6752cb24e7750000076ca187",
      "price": "0.22841",
      "sequence": "6049730547300353",
      "side": "sell",
      "size": "10",
      "symbol": "F-USDT",
      "takerOrderId": "6752cb258338b90007984d07",
      "time": "1733479205328000000",
      "tradeId": "6049730547300353",
      "type": "match",
      "time_received": "10:00:05.3790"
    },
    {
      "makerOrderId": "6752cb24e7750000076ca187",
      "price": "0.22841",
      "sequence": "6049730698688513",
      "side": "sell",
      "size": "10",
      "symbol": "F-USDT",
      "takerOrderId": "6752cb25f5179000072fb643",
      "time": "1733479205722000000",
      "tradeId": "6049730698688513",
      "type": "match",
      "time_received": "10:00:05.7679"
    },
    {
      "makerOrderId": "6752cb24e7750000076ca187",
      "price": "0.22841",
      "sequence": "6049730700130305",
      "side": "sell",
      "size": "10",
      "symbol": "F-USDT",
      "takerOrderId": "6752cb259574f3000762bc42",
      "time": "1733479205724000000",
      "tradeId": "6049730700130305",
      "type": "match",
      "time_received": "10:00:05.7680"
    },
    {
      "makerOrderId": "6752cb24e7750000076ca187",
      "price": "0.22841",
      "sequence": "6049730700261377",
      "side": "sell",
      "size": "10",
      "symbol": "F-USDT",
      "takerOrderId": "6752cb253ecf430007b73526",
      "time": "1733479205724000000",
      "tradeId": "6049730700261377",
      "type": "match",
      "time_received": "10:00:05.7680"
    },
    {
      "makerOrderId": "6752cb24e7750000076ca187",
      "price": "0.22841",
      "sequence": "6049730853484545",
      "side": "sell",
      "size": "10",
      "symbol": "F-USDT",
      "takerOrderId": "6752cb26716ab30007454ad5",
      "time": "1733479206002000000",
      "tradeId": "6049730853484545",
      "type": "match",
      "time_received": "10:00:06.0478"
    },
    {
      "makerOrderId": "6752cb24e7750000076ca187",
      "price": "0.22841",
      "sequence": "6049730862659585",
      "side": "sell",
      "size": "10",
      "symbol": "F-USDT",
      "takerOrderId": "6752cb269574f3000762c026",
      "time": "1733479206030000000",
      "tradeId": "6049730862659585",
      "type": "match",
      "time_received": "10:00:06.0760"
    },
    {
      "makerOrderId": "6752cb24e7750000076ca187",
      "price": "0.22841",
      "sequence": "6049730862790657",
      "side": "sell",
      "size": "10",
      "symbol": "F-USDT",
      "takerOrderId": "6752cb269574f3000762c028",
      "time": "1733479206030000000",
      "tradeId": "6049730862790657",
      "type": "match",
      "time_received": "10:00:06.0761"
    },
    {
      "makerOrderId": "6752cb25fd061e0007f3d8c7",
      "price": "0.23064",
      "sequence": "6049731044980737",
      "side": "buy",
      "size": "14.3",
      "symbol": "F-USDT",
      "takerOrderId": "6752cb26716ab30007454f51",
      "time": "1733479206324000000",
      "tradeId": "6049731044980737",
      "type": "match",
      "time_received": "10:00:06.3729"
    },
    {
      "makerOrderId": "6752bf95ecb8b200079ebf91",
      "price": "0.2307",
      "sequence": "6049731044980740",
      "side": "buy",
      "size": "3701.3",
      "symbol": "F-USDT",
      "takerOrderId": "6752cb26716ab30007454f51",
      "time": "1733479206324000000",
      "tradeId": "6049731044980740",
      "type": "match",
      "time_received": "10:00:06.3732"
    },
    {
      "makerOrderId": "6752cb26fe36bf000778dff9",
      "price": "0.2278",
      "sequence": "6049731054024705",
      "side": "sell",
      "size": "10",
      "symbol": "F-USDT",
      "takerOrderId": "6752cb267cf7ff0007f62564",
      "time": "1733479206335000000",
      "tradeId": "6049731054024705",
      "type": "match",
      "time_received": "10:00:06.3824"
    },
    {
      "makerOrderId": "6752cb26fe36bf000778dff9",
      "price": "0.2278",
      "sequence": "6049731056121857",
      "side": "sell",
      "size": "10",
      "symbol": "F-USDT",
      "takerOrderId": "6752cb262e6b3a000793de7b",
      "time": "1733479206338000000",
      "tradeId": "6049731056121857",
      "type": "match",
      "time_received": "10:00:06.3825"
    },
    {
      "makerOrderId": "6752cb26fe36bf000778dff9",
      "price": "0.2278",
      "sequence": "6049731057563649",
      "side": "sell",
      "size": "10",
      "symbol": "F-USDT",
      "takerOrderId": "6752cb2641bdfd0007f334fb",
      "time": "1733479206339000000",
      "tradeId": "6049731057563649",
      "type": "match",
      "time_received": "10:00:06.3880"
    },
    {
      "makerOrderId": "6752cb261e1c9e0007a6564e",
      "price": "0.2295",
      "sequence": "6049731268065281",
      "side": "sell",
      "size": "10",
      "symbol": "F-USDT",
      "takerOrderId": "6752cb268338b90007985d42",
      "time": "1733479206744000000",
      "tradeId": "6049731268065281",
      "type": "match",
      "time_received": "10:00:06.7907"
    },
    {
      "makerOrderId": "6752cb261e1c9e0007a6564e",
      "price": "0.2295",
      "sequence": "6049731271735297",
      "side": "sell",
      "size": "10",
      "symbol": "F-USDT",
      "takerOrderId": "6752cb269574f3000762c96e",
      "time": "1733479206754000000",
      "tradeId": "6049731271735297",
      "type": "match",
      "time_received": "10:00:06.7982"
    },
    {
      "makerOrderId": "6752cb261e1c9e0007a6564e",
      "price": "0.2295",
      "sequence": "6049731273570305",
      "side": "sell",
      "size": "10",
      "symbol": "F-USDT",
      "takerOrderId": "6752cb262e6b3a000793e312",
      "time": "1733479206756000000",
      "tradeId": "6049731273570305",
      "type": "match",
      "time_received": "10:00:06.7984"
    },
    {
      "makerOrderId": "6752bf95ecb8b200079ebf91",
      "price": "0.2307",
      "sequence": "6049731462051841",
      "side": "buy",
      "size": "215.6",
      "symbol": "F-USDT",
      "takerOrderId": "6752cb27f5179000072fc67e",
      "time": "1733479207153000000",
      "tradeId": "6049731462051841",
      "type": "match",
      "time_received": "10:00:07.1998"
    },
    {
      "makerOrderId": "6752cb261e1c9e0007a6564e",
      "price": "0.2295",
      "sequence": "6049731466770433",
      "side": "sell",
      "size": "10",
      "symbol": "F-USDT",
      "takerOrderId": "6752cb27f5179000072fc6c7",
      "time": "1733479207163000000",
      "tradeId": "6049731466770433",
      "type": "match",
      "time_received": "10:00:07.2088"
    },
    {
      "makerOrderId": "6752cb261e1c9e0007a6564e",
      "price": "0.2295",
      "sequence": "6049731466901505",
      "side": "sell",
      "size": "10",
      "symbol": "F-USDT",
      "takerOrderId": "6752cb27fe36bf000778eb76",
      "time": "1733479207163000000",
      "tradeId": "6049731466901505",
      "type": "match",
      "time_received": "10:00:07.2089"
    },
    {
      "makerOrderId": "6752cb261e1c9e0007a6564e",
      "price": "0.2295",
      "sequence": "6049731468605441",
      "side": "sell",
      "size": "10",
      "symbol": "F-USDT",
      "takerOrderId": "6752cb277cf7ff0007f62da8",
      "time": "1733479207164000000",
      "tradeId": "6049731468605441",
      "type": "match",
      "time_received": "10:00:07.2090"
    },
    {
      "makerOrderId": "6752bf95ecb8b200079ebf91",
      "price": "0.2307",
      "sequence": "6049731605837825",
      "side": "buy",
      "size": "215.3",
      "symbol": "F-USDT",
      "takerOrderId": "6752cb27e7750000076cbbbd",
      "time": "1733479207445000000",
      "tradeId": "6049731605837825",
      "type": "match",
      "time_received": "10:00:07.4906"
    },
    {
      "makerOrderId": "6752cb263bb37e0007ca59a4",
      "price": "0.22712",
      "sequence": "6049731610294273",
      "side": "sell",
      "size": "10",
      "symbol": "F-USDT",
      "takerOrderId": "6752cb27fd061e0007f3ecef",
      "time": "1733479207454000000",
      "tradeId": "6049731610294273",
      "type": "match",
      "time_received": "10:00:07.5004"
    },
    {
      "makerOrderId": "6752cb263bb37e0007ca59a4",
      "price": "0.22712",
      "sequence": "6049731612129281",
      "side": "sell",
      "size": "10",
      "symbol": "F-USDT",
      "takerOrderId": "6752cb27fd061e0007f3ecfd",
      "time": "1733479207459000000",
      "tradeId": "6049731612129281",
      "type": "match",
      "time_received": "10:00:07.5005"
    },
    {
      "makerOrderId": "6752cb263bb37e0007ca59a4",
      "price": "0.22712",
      "sequence": "6049731613177857",
      "side": "sell",
      "size": "10",
      "symbol": "F-USDT",
      "takerOrderId": "6752cb27fd80ce0007d5b9ec",
      "time": "1733479207463000000",
      "tradeId": "6049731613177857",
      "type": "match",
      "time_received": "10:00:07.5087"
    },
    {
      "makerOrderId": "6752cb263bb37e0007ca59a4",
      "price": "0.22712",
      "sequence": "6049731798906881",
      "side": "sell",
      "size": "10",
      "symbol": "F-USDT",
      "takerOrderId": "6752cb273bb37e0007ca6373",
      "time": "1733479207886000000",
      "tradeId": "6049731798906881",
      "type": "match",
      "time_received": "10:00:07.9295"
    },
    {
      "makerOrderId": "6752cb263bb37e0007ca59a4",
      "price": "0.22712",
      "sequence": "6049731800479745",
      "side": "sell",
      "size": "10",
      "symbol": "F-USDT",
      "takerOrderId": "6752cb27b1d2ab0007df0d2f",
      "time": "1733479207891000000",
      "tradeId": "6049731800479745",
      "type": "match",
      "time_received": "10:00:07.9354"
    },
    {
      "makerOrderId": "6752cb263bb37e0007ca59a4",
      "price": "0.22712",
      "sequence": "6049731803625473",
      "side": "sell",
      "size": "10",
      "symbol": "F-USDT",
      "takerOrderId": "6752cb27e7750000076cbf5c",
      "time": "1733479207900000000",
      "tradeId": "6049731803625473",
      "type": "match",
      "time_received": "10:00:07.9466"
    },
    {
      "makerOrderId": "6752cb263bb37e0007ca59a4",
      "price": "0.22712",
      "sequence": "6049731995514881",
      "side": "sell",
      "size": "10",
      "symbol": "F-USDT",
      "takerOrderId": "6752cb283bb37e0007ca6752",
      "time": "1733479208195000000",
      "tradeId": "6049731995514881",
      "type": "match",
      "time_received": "10:00:08.2403"
    },
    {
      "makerOrderId": "6752cb263bb37e0007ca59a4",
      "price": "0.22712",
      "sequence": "6049731995645953",
      "side": "sell",
      "size": "10",
      "symbol": "F-USDT",
      "takerOrderId": "6752cb28ff2a9e000766c01b",
      "time": "1733479208195000000",
      "tradeId": "6049731995645953",
      "type": "match",
      "time_received": "10:00:08.2404"
    },
    {
      "makerOrderId": "6752cb263bb37e0007ca59a4",
      "price": "0.22712",
      "sequence": "6049731996694529",
      "side": "sell",
      "size": "10",
      "symbol": "F-USDT",
      "takerOrderId": "6752cb28ff2a9e000766c01f",
      "time": "1733479208197000000",
      "tradeId": "6049731996694529",
      "type": "match",
      "time_received": "10:00:08.2410"
    },
    {
      "makerOrderId": "6752cb263bb37e0007ca59a4",
      "price": "0.22712",
      "sequence": "6049732158306305",
      "side": "sell",
      "size": "10",
      "symbol": "F-USDT",
      "takerOrderId": "6752cb28aef36e0007fd557c",
      "time": "1733479208487000000",
      "tradeId": "6049732158306305",
      "type": "match",
      "time_received": "10:00:08.5308"
    },
    {
      "makerOrderId": "6752cb263bb37e0007ca59a4",
      "price": "0.22712",
      "sequence": "6049732160010241",
      "side": "sell",
      "size": "10",
      "symbol": "F-USDT",
      "takerOrderId": "6752cb28fe36bf000778f8af",
      "time": "1733479208489000000",
      "tradeId": "6049732160010241",
      "type": "match",
      "time_received": "10:00:08.5355"
    },
    {
      "makerOrderId": "6752cb263bb37e0007ca59a4",
      "price": "0.22712",
      "sequence": "6049732167481345",
      "side": "sell",
      "size": "10",
      "symbol": "F-USDT",
      "takerOrderId": "6752cb28e7750000076cc64d",
      "time": "1733479208508000000",
      "tradeId": "6049732167481345",
      "type": "match",
      "time_received": "10:00:08.5497"
    },
    {
      "makerOrderId": "6752cb261e1c9e0007a656f5",
      "price": "0.22203",
      "sequence": "6049732284790785",
      "side": "sell",
      "size": "10",
      "symbol": "F-USDT",
      "takerOrderId": "6752cb281e1c9e0007a66dac",
      "time": "1733479208777000000",
      "tradeId": "6049732284790785",
      "type": "match",
      "time_received": "10:00:08.8246"
    },
    {
      "makerOrderId": "6752cb261e1c9e0007a656f5",
      "price": "0.22203",
      "sequence": "6049732289247233",
      "side": "sell",
      "size": "10",
      "symbol": "F-USDT",
      "takerOrderId": "6752cb281e1c9e0007a66dca",
      "time": "1733479208793000000",
      "tradeId": "6049732289247233",
      "type": "match",
      "time_received": "10:00:08.8373"
    },
    {
      "makerOrderId": "6752cb261e1c9e0007a656f5",
      "price": "0.22203",
      "sequence": "6049732293048321",
      "side": "sell",
      "size": "10",
      "symbol": "F-USDT",
      "takerOrderId": "6752cb28f5179000072fd66e",
      "time": "1733479208802000000",
      "tradeId": "6049732293048321",
      "type": "match",
      "time_received": "10:00:08.8489"
    },
    {
      "makerOrderId": "6752cb261e1c9e0007a656f5",
      "price": "0.22203",
      "sequence": "6049732307204097",
      "side": "sell",
      "size": "66.4",
      "symbol": "F-USDT",
      "takerOrderId": "6752cb288338b900079870f0",
      "time": "1733479208836000000",
      "tradeId": "6049732307204097",
      "type": "match",
      "time_received": "10:00:08.8827"
    },
    {
      "makerOrderId": "6752cb278338b90007986580",
      "price": "0.22",
      "sequence": "6049732442208257",
      "side": "sell",
      "size": "10",
      "symbol": "F-USDT",
      "takerOrderId": "6752cb29fd061e0007f3fbb0",
      "time": "1733479209077000000",
      "tradeId": "6049732442208257",
      "type": "match",
      "time_received": "10:00:09.1240"
    },
    {
      "makerOrderId": "6752cb278338b90007986580",
      "price": "0.22",
      "sequence": "6049732450203649",
      "side": "sell",
      "size": "10",
      "symbol": "F-USDT",
      "takerOrderId": "6752cb29f5179000072fd8c9",
      "time": "1733479209093000000",
      "tradeId": "6049732450203649",
      "type": "match",
      "time_received": "10:00:09.1399"
    },
    {
      "makerOrderId": "6752cb278338b90007986580",
      "price": "0.22",
      "sequence": "6049732452038657",
      "side": "sell",
      "size": "10",
      "symbol": "F-USDT",
      "takerOrderId": "6752cb293ecf430007b757b4",
      "time": "1733479209096000000",
      "tradeId": "6049732452038657",
      "type": "match",
      "time_received": "10:00:09.1400"
    },
    {
      "makerOrderId": "6752cb278338b90007986580",
      "price": "0.22",
      "sequence": "6049732570920961",
      "side": "sell",
      "size": "10",
      "symbol": "F-USDT",
      "takerOrderId": "6752cb29fe36bf000779007b",
      "time": "1733479209368000000",
      "tradeId": "6049732570920961",
      "type": "match",
      "time_received": "10:00:09.4201"
    },
    {
      "makerOrderId": "6752cb278338b90007986580",
      "price": "0.22",
      "sequence": "6049732585601025",
      "side": "sell",
      "size": "10",
      "symbol": "F-USDT",
      "takerOrderId": "6752cb29716ab30007456d17",
      "time": "1733479209396000000",
      "tradeId": "6049732585601025",
      "type": "match",
      "time_received": "10:00:09.4395"
    },
    {
      "makerOrderId": "6752cb278338b90007986580",
      "price": "0.22",
      "sequence": "6049732585732097",
      "side": "sell",
      "size": "10",
      "symbol": "F-USDT",
      "takerOrderId": "6752cb29716ab30007456d1b",
      "time": "1733479209396000000",
      "tradeId": "6049732585732097",
      "type": "match",
      "time_received": "10:00:09.4396"
    },
    {
      "makerOrderId": "6752cb298338b90007987812",
      "price": "0.22712",
      "sequence": "6049732734236673",
      "side": "sell",
      "size": "10",
      "symbol": "F-USDT",
      "takerOrderId": "6752cb29fe36bf0007790462",
      "time": "1733479209651000000",
      "tradeId": "6049732734236673",
      "type": "match",
      "time_received": "10:00:09.6992"
    },
    {
      "makerOrderId": "6752cb298338b90007987812",
      "price": "0.22712",
      "sequence": "6049732774606849",
      "side": "sell",
      "size": "10",
      "symbol": "F-USDT",
      "takerOrderId": "6752cb293bb37e0007ca7670",
      "time": "1733479209687000000",
      "tradeId": "6049732774606849",
      "type": "match",
      "time_received": "10:00:09.7348"
    },
    {
      "makerOrderId": "6752cb298338b90007987812",
      "price": "0.22712",
      "sequence": "6049732781291521",
      "side": "sell",
      "size": "10",
      "symbol": "F-USDT",
      "takerOrderId": "6752cb299574f3000762e6ff",
      "time": "1733479209692000000",
      "tradeId": "6049732781291521",
      "type": "match",
      "time_received": "10:00:09.7348"
    },
    {
      "makerOrderId": "6752cb298338b90007987812",
      "price": "0.22712",
      "sequence": "6049732845516801",
      "side": "sell",
      "size": "104.3",
      "symbol": "F-USDT",
      "takerOrderId": "6752cb293bb37e0007ca780a",
      "time": "1733479209750000000",
      "tradeId": "6049732845516801",
      "type": "match",
      "time_received": "10:00:09.7950"
    },
    {
      "makerOrderId": "6752cb29ff2a9e000766cee9",
      "price": "0.22041",
      "sequence": "6049732845516804",
      "side": "sell",
      "size": "93.5",
      "symbol": "F-USDT",
      "takerOrderId": "6752cb293bb37e0007ca780a",
      "time": "1733479209750000000",
      "tradeId": "6049732845516804",
      "type": "match",
      "time_received": "10:00:09.7951"
    },
    {
      "makerOrderId": "6752cb278338b90007986580",
      "price": "0.22",
      "sequence": "6049732845516807",
      "side": "sell",
      "size": "353.1",
      "symbol": "F-USDT",
      "takerOrderId": "6752cb293bb37e0007ca780a",
      "time": "1733479209750000000",
      "tradeId": "6049732845516807",
      "type": "match",
      "time_received": "10:00:09.7951"
    },
    {
      "makerOrderId": "6752cb288338b90007986ff5",
      "price": "0.22986",
      "sequence": "6049732851939329",
      "side": "buy",
      "size": "14.5",
      "symbol": "F-USDT",
      "takerOrderId": "6752cb293bb37e0007ca77c0",
      "time": "1733479209758000000",
      "tradeId": "6049732851939329",
      "type": "match",
      "time_received": "10:00:09.8006"
    },
    {
      "makerOrderId": "6752cb288338b90007986c60",
      "price": "0.2299",
      "sequence": "6049732851939332",
      "side": "buy",
      "size": "32.7",
      "symbol": "F-USDT",
      "takerOrderId": "6752cb293bb37e0007ca77c0",
      "time": "1733479209758000000",
      "tradeId": "6049732851939332",
      "type": "match",
      "time_received": "10:00:09.8056"
    },
    {
      "makerOrderId": "6752cb278338b90007986580",
      "price": "0.22",
      "sequence": "6049733072271361",
      "side": "sell",
      "size": "10",
      "symbol": "F-USDT",
      "takerOrderId": "6752cb29ecb8b2000702660b",
      "time": "1733479209954000000",
      "tradeId": "6049733072271361",
      "type": "match",
      "time_received": "10:00:09.9952"
    },
    {
      "makerOrderId": "6752cb278338b90007986580",
      "price": "0.22",
      "sequence": "6049733097961473",
      "side": "sell",
      "size": "10",
      "symbol": "F-USDT",
      "takerOrderId": "6752cb2941bdfd0007f35e34",
      "time": "1733479209983000000",
      "tradeId": "6049733097961473",
      "type": "match",
      "time_received": "10:00:10.0275"
    },
    {
      "makerOrderId": "6752cb278338b90007986580",
      "price": "0.22",
      "sequence": "6049733098878977",
      "side": "sell",
      "size": "10",
      "symbol": "F-USDT",
      "takerOrderId": "6752cb298338b90007988138",
      "time": "1733479209984000000",
      "tradeId": "6049733098878977",
      "type": "match",
      "time_received": "10:00:10.0276"
    },
    {
      "makerOrderId": "6752cb26716ab30007454b29",
      "price": "0.21873",
      "sequence": "6049733324716033",
      "side": "sell",
      "size": "10",
      "symbol": "F-USDT",
      "takerOrderId": "6752cb2a3bb37e0007ca8219",
      "time": "1733479210326000000",
      "tradeId": "6049733324716033",
      "type": "match",
      "time_received": "10:00:10.3701"
    },
    {
      "makerOrderId": "6752cb26716ab30007454b29",
      "price": "0.21873",
      "sequence": "6049733329303553",
      "side": "sell",
      "size": "10",
      "symbol": "F-USDT",
      "takerOrderId": "6752cb2a3bb37e0007ca822b",
      "time": "1733479210332000000",
      "tradeId": "6049733329303553",
      "type": "match",
      "time_received": "10:00:10.3766"
    },
    {
      "makerOrderId": "6752cb26716ab30007454b29",
      "price": "0.21873",
      "sequence": "6049733330352129",
      "side": "sell",
      "size": "10",
      "symbol": "F-USDT",
      "takerOrderId": "6752cb2a716ab30007457d3e",
      "time": "1733479210333000000",
      "tradeId": "6049733330352129",
      "type": "match",
      "time_received": "10:00:10.3767"
    },
    {
      "makerOrderId": "6752cb26716ab30007454b29",
      "price": "0.21873",
      "sequence": "6049733488162817",
      "side": "sell",
      "size": "10",
      "symbol": "F-USDT",
      "takerOrderId": "6752cb2aa398ab0007eb7ae7",
      "time": "1733479210619000000",
      "tradeId": "6049733488162817",
      "type": "match",
      "time_received": "10:00:10.6667"
    },
    {
      "makerOrderId": "6752cb26716ab30007454b29",
      "price": "0.21873",
      "sequence": "6049733492619265",
      "side": "sell",
      "size": "10",
      "symbol": "F-USDT",
      "takerOrderId": "6752cb2aecb8b20007026f34",
      "time": "1733479210623000000",
      "tradeId": "6049733492619265",
      "type": "match",
      "time_received": "10:00:10.6668"
    },
    {
      "makerOrderId": "6752cb26716ab30007454b29",
      "price": "0.21873",
      "sequence": "6049733498648577",
      "side": "sell",
      "size": "10",
      "symbol": "F-USDT",
      "takerOrderId": "6752cb2afd061e0007f4130d",
      "time": "1733479210632000000",
      "tradeId": "6049733498648577",
      "type": "match",
      "time_received": "10:00:10.6763"
    },
    {
      "makerOrderId": "6752cb293ecf430007b75fd8",
      "price": "0.21835",
      "sequence": "6049733679659009",
      "side": "sell",
      "size": "10",
      "symbol": "F-USDT",
      "takerOrderId": "6752cb2a716ab300074584ad",
      "time": "1733479210916000000",
      "tradeId": "6049733679659009",
      "type": "match",
      "time_received": "10:00:10.9630"
    },
    {
      "makerOrderId": "6752cb293ecf430007b75fd8",
      "price": "0.21835",
      "sequence": "6049733680183297",
      "side": "sell",
      "size": "10",
      "symbol": "F-USDT",
      "takerOrderId": "6752cb2a1e1c9e0007a68afd",
      "time": "1733479210918000000",
      "tradeId": "6049733680183297",
      "type": "match",
      "time_received": "10:00:10.9630"
    },
    {
      "makerOrderId": "6752cb293ecf430007b75fd8",
      "price": "0.21835",
      "sequence": "6049733687261185",
      "side": "sell",
      "size": "10",
      "symbol": "F-USDT",
      "takerOrderId": "6752cb2a7cf7ff0007f65ad4",
      "time": "1733479210929000000",
      "tradeId": "6049733687261185",
      "type": "match",
      "time_received": "10:00:10.9702"
    },
    {
      "makerOrderId": "6752cb293ecf430007b75fd8",
      "price": "0.21835",
      "sequence": "6049733820037121",
      "side": "sell",
      "size": "10",
      "symbol": "F-USDT",
      "takerOrderId": "6752cb2b7cf7ff0007f65dc6",
      "time": "1733479211258000000",
      "tradeId": "6049733820037121",
      "type": "match",
      "time_received": "10:00:11.3047"
    },
    {
      "makerOrderId": "6752cb293ecf430007b75fd8",
      "price": "0.21835",
      "sequence": "6049733821872129",
      "side": "sell",
      "size": "10",
      "symbol": "F-USDT",
      "takerOrderId": "6752cb2b1e1c9e0007a68e03",
      "time": "1733479211261000000",
      "tradeId": "6049733821872129",
      "type": "match",
      "time_received": "10:00:11.3048"
    },
    {
      "makerOrderId": "6752cb293ecf430007b75fd8",
      "price": "0.21835",
      "sequence": "6049733822527489",
      "side": "sell",
      "size": "10",
      "symbol": "F-USDT",
      "takerOrderId": "6752cb2b3bb37e0007ca8ccc",
      "time": "1733479211264000000",
      "tradeId": "6049733822527489",
      "type": "match",
      "time_received": "10:00:11.3104"
    },
    {
      "makerOrderId": "6752cb29716ab3000745746d",
      "price": "0.22159",
      "sequence": "6049733827901441",
      "side": "buy",
      "size": "451.2",
      "symbol": "F-USDT",
      "takerOrderId": "6752cb2be7750000076ce994",
      "time": "1733479211275000000",
      "tradeId": "6049733827901441",
      "type": "match",
      "time_received": "10:00:11.3196"
    },
    {
      "makerOrderId": "6752cb2aecb8b200070269ae",
      "price": "0.22159",
      "sequence": "6049733827901444",
      "side": "buy",
      "size": "96.4",
      "symbol": "F-USDT",
      "takerOrderId": "6752cb2be7750000076ce994",
      "time": "1733479211275000000",
      "tradeId": "6049733827901444",
      "type": "match",
      "time_received": "10:00:11.3196"
    },
    {
      "makerOrderId": "6752cb291ed0d800074a2cbe",
      "price": "0.22269",
      "sequence": "6049733827901447",
      "side": "buy",
      "size": "898.1",
      "symbol": "F-USDT",
      "takerOrderId": "6752cb2be7750000076ce994",
      "time": "1733479211275000000",
      "tradeId": "6049733827901447",
      "type": "match",
      "time_received": "10:00:11.3197"
    },
    {
      "makerOrderId": "6752cb2be7750000076ce994",
      "price": "0.2235",
      "sequence": "6049733836027905",
      "side": "sell",
      "size": "897.7",
      "symbol": "F-USDT",
      "takerOrderId": "6752cb2bff2a9e000766e610",
      "time": "1733479211297000000",
      "tradeId": "6049733836027905",
      "type": "match",
      "time_received": "10:00:11.3437"
    },
    {
      "makerOrderId": "6752cb2be7750000076ce994",
      "price": "0.2235",
      "sequence": "6049733836158977",
      "side": "sell",
      "size": "451.1",
      "symbol": "F-USDT",
      "takerOrderId": "6752cb2b8338b900079890b8",
      "time": "1733479211299000000",
      "tradeId": "6049733836158977",
      "type": "match",
      "time_received": "10:00:11.3438"
    },
    {
      "makerOrderId": "6752cb291e1c9e0007a67a99",
      "price": "0.22445",
      "sequence": "6049733850052609",
      "side": "buy",
      "size": "64.9",
      "symbol": "F-USDT",
      "takerOrderId": "6752cb2b7cf7ff0007f65e42",
      "time": "1733479211334000000",
      "tradeId": "6049733850052609",
      "type": "match",
      "time_received": "10:00:11.3800"
    },
    {
      "makerOrderId": "6752cb2b41bdfd0007f371a7",
      "price": "0.225",
      "sequence": "6049733996066817",
      "side": "sell",
      "size": "10",
      "symbol": "F-USDT",
      "takerOrderId": "6752cb2bf5179000072ffb68",
      "time": "1733479211662000000",
      "tradeId": "6049733996066817",
      "type": "match",
      "time_received": "10:00:11.7070"
    },
    {
      "makerOrderId": "6752cb2b41bdfd0007f371a7",
      "price": "0.225",
      "sequence": "6049733998426113",
      "side": "sell",
      "size": "10",
      "symbol": "F-USDT",
      "takerOrderId": "6752cb2bf5179000072ffb77",
      "time": "1733479211666000000",
      "tradeId": "6049733998426113",
      "type": "match",
      "time_received": "10:00:11.7076"
    },
    {
      "makerOrderId": "6752cb2b41bdfd0007f371a7",
      "price": "0.225",
      "sequence": "6049734001440769",
      "side": "sell",
      "size": "10",
      "symbol": "F-USDT",
      "takerOrderId": "6752cb2baef36e0007fd7c58",
      "time": "1733479211672000000",
      "tradeId": "6049734001440769",
      "type": "match",
      "time_received": "10:00:11.7193"
    },
    {
      "makerOrderId": "6752cb29ff2a9e000766d1d3",
      "price": "0.22576",
      "sequence": "6049734041810945",
      "side": "buy",
      "size": "46.7",
      "symbol": "F-USDT",
      "takerOrderId": "6752cb2b9574f30007630222",
      "time": "1733479211779000000",
      "tradeId": "6049734041810945",
      "type": "match",
      "time_received": "10:00:11.8214"
    },
    {
      "makerOrderId": "6752cb29a398ab0007eb6de2",
      "price": "0.22576",
      "sequence": "6049734041810948",
      "side": "buy",
      "size": "46.8",
      "symbol": "F-USDT",
      "takerOrderId": "6752cb2b9574f30007630222",
      "time": "1733479211779000000",
      "tradeId": "6049734041810948",
      "type": "match",
      "time_received": "10:00:11.8215"
    },
    {
      "makerOrderId": "6752bf95ecb8b200079ebf91",
      "price": "0.2307",
      "sequence": "6049734041810951",
      "side": "buy",
      "size": "868",
      "symbol": "F-USDT",
      "takerOrderId": "6752cb2b9574f30007630222",
      "time": "1733479211779000000",
      "tradeId": "6049734041810951",
      "type": "match",
      "time_received": "10:00:11.8220"
    },
    {
      "makerOrderId": "6752bf95ecb8b200079ebf91",
      "price": "0.2307",
      "sequence": "6049734070122497",
      "side": "buy",
      "size": "33.3",
      "symbol": "F-USDT",
      "takerOrderId": "6752cb2ba398ab0007eb876a",
      "time": "1733479211858000000",
      "tradeId": "6049734070122497",
      "type": "match",
      "time_received": "10:00:11.9003"
    },
    {
      "makerOrderId": "6752cb2b7cf7ff0007f6636f",
      "price": "0.228",
      "sequence": "6049734178781185",
      "side": "sell",
      "size": "10",
      "symbol": "F-USDT",
      "takerOrderId": "6752cb2c2e6b3a0007941f68",
      "time": "1733479212070000000",
      "tradeId": "6049734178781185",
      "type": "match",
      "time_received": "10:00:12.1182"
    },
    {
      "makerOrderId": "6752cb2b7cf7ff0007f6636f",
      "price": "0.228",
      "sequence": "6049734178912257",
      "side": "sell",
      "size": "10",
      "symbol": "F-USDT",
      "takerOrderId": "6752cb2ca398ab0007eb89a9",
      "time": "1733479212070000000",
      "tradeId": "6049734178912257",
      "type": "match",
      "time_received": "10:00:12.1183"
    },
    {
      "makerOrderId": "6752cb2b7cf7ff0007f6636f",
      "price": "0.228",
      "sequence": "6049734179829761",
      "side": "sell",
      "size": "10",
      "symbol": "F-USDT",
      "takerOrderId": "6752cb2cf5179000072fff2a",
      "time": "1733479212072000000",
      "tradeId": "6049734179829761",
      "type": "match",
      "time_received": "10:00:12.1184"
    },
    {
      "makerOrderId": "6752cb2b7cf7ff0007f6636f",
      "price": "0.228",
      "sequence": "6049734333839361",
      "side": "sell",
      "size": "10",
      "symbol": "F-USDT",
      "takerOrderId": "6752cb2cfd061e0007f425c2",
      "time": "1733479212483000000",
      "tradeId": "6049734333839361",
      "type": "match",
      "time_received": "10:00:12.5299"
    },
    {
      "makerOrderId": "6752cb2b7cf7ff0007f6636f",
      "price": "0.228",
      "sequence": "6049734336329729",
      "side": "sell",
      "size": "10",
      "symbol": "F-USDT",
      "takerOrderId": "6752cb2ca398ab0007eb8d89",
      "time": "1733479212491000000",
      "tradeId": "6049734336329729",
      "type": "match",
      "time_received": "10:00:12.5368"
    },
    {
      "makerOrderId": "6752cb2b7cf7ff0007f6636f",
      "price": "0.228",
      "sequence": "6049734345373697",
      "side": "sell",
      "size": "10",
      "symbol": "F-USDT",
      "takerOrderId": "6752cb2cf51790000730032f",
      "time": "1733479212517000000",
      "tradeId": "6049734345373697",
      "type": "match",
      "time_received": "10:00:12.5580"
    },
    {
      "makerOrderId": "6752bf95ecb8b200079ebf91",
      "price": "0.2307",
      "sequence": "6049734384302081",
      "side": "buy",
      "size": "3666.5",
      "symbol": "F-USDT",
      "takerOrderId": "6752cb2c41bdfd0007f37a59",
      "time": "1733479212643000000",
      "tradeId": "6049734384302081",
      "type": "match",
      "time_received": "10:00:12.6917"
    },
    {
      "makerOrderId": "6752cb2c41bdfd0007f37a59",
      "price": "0.231",
      "sequence": "6049734430308353",
      "side": "sell",
      "size": "10",
      "symbol": "F-USDT",
      "takerOrderId": "6752cb2c3bb37e0007ca9a8c",
      "time": "1733479212791000000",
      "tradeId": "6049734430308353",
      "type": "match",
      "time_received": "10:00:12.8365"
    },
    {
      "makerOrderId": "6752cb2c41bdfd0007f37a59",
      "price": "0.231",
      "sequence": "6049734435158017",
      "side": "sell",
      "size": "10",
      "symbol": "F-USDT",
      "takerOrderId": "6752cb2ce7750000076cf76e",
      "time": "1733479212810000000",
      "tradeId": "6049734435158017",
      "type": "match",
      "time_received": "10:00:12.8565"
    },
    {
      "makerOrderId": "6752cb2c41bdfd0007f37a59",
      "price": "0.231",
      "sequence": "6049734450493441",
      "side": "sell",
      "size": "10",
      "symbol": "F-USDT",
      "takerOrderId": "6752cb2ce7750000076cf7c3",
      "time": "1733479212862000000",
      "tradeId": "6049734450493441",
      "type": "match",
      "time_received": "10:00:12.9050"
    },
    {
      "makerOrderId": "6752cb2c41bdfd0007f37a59",
      "price": "0.231",
      "sequence": "6049734507902977",
      "side": "sell",
      "size": "60",
      "symbol": "F-USDT",
      "takerOrderId": "6752cb2c3bb37e0007ca9b83",
      "time": "1733479212950000000",
      "tradeId": "6049734507902977",
      "type": "match",
      "time_received": "10:00:12.9963"
    },
    {
      "makerOrderId": "6752bf95f517900007cc45a1",
      "price": "0.2323",
      "sequence": "6049734572652545",
      "side": "buy",
      "size": "429",
      "symbol": "F-USDT",
      "takerOrderId": "6752cb2d3ecf430007b785e4",
      "time": "1733479213133000000",
      "tradeId": "6049734572652545",
      "type": "match",
      "time_received": "10:00:13.1795"
    },
    {
      "makerOrderId": "6752cb2d9574f30007630cf7",
      "price": "0.2314",
      "sequence": "6049734598866945",
      "side": "sell",
      "size": "10",
      "symbol": "F-USDT",
      "takerOrderId": "6752cb2dfd80ce0007d5f705",
      "time": "1733479213201000000",
      "tradeId": "6049734598866945",
      "type": "match",
      "time_received": "10:00:13.2446"
    },
    {
      "makerOrderId": "6752cb2d9574f30007630cf7",
      "price": "0.2314",
      "sequence": "6049734600964097",
      "side": "sell",
      "size": "10",
      "symbol": "F-USDT",
      "takerOrderId": "6752cb2df5179000073007c1",
      "time": "1733479213205000000",
      "tradeId": "6049734600964097",
      "type": "match",
      "time_received": "10:00:13.2511"
    },
    {
      "makerOrderId": "6752cb2d9574f30007630cf7",
      "price": "0.2314",
      "sequence": "6049734601750529",
      "side": "sell",
      "size": "10",
      "symbol": "F-USDT",
      "takerOrderId": "6752cb2d7cf7ff0007f66e43",
      "time": "1733479213208000000",
      "tradeId": "6049734601750529",
      "type": "match",
      "time_received": "10:00:13.2512"
    },
    {
      "makerOrderId": "6752bf95f517900007cc45a1",
      "price": "0.2323",
      "sequence": "6049734626523137",
      "side": "buy",
      "size": "429",
      "symbol": "F-USDT",
      "takerOrderId": "6752cb2de7750000076cfb2a",
      "time": "1733479213294000000",
      "tradeId": "6049734626523137",
      "type": "match",
      "time_received": "10:00:13.3403"
    },
    {
      "makerOrderId": "6752bf95f517900007cc45a1",
      "price": "0.2323",
      "sequence": "6049734626785281",
      "side": "buy",
      "size": "500",
      "symbol": "F-USDT",
      "takerOrderId": "6752cb2d9574f30007630e67",
      "time": "1733479213295000000",
      "tradeId": "6049734626785281",
      "type": "match",
      "time_received": "10:00:13.3404"
    },
    {
      "makerOrderId": "6752bf95f517900007cc45a1",
      "price": "0.2323",
      "sequence": "6049734702544897",
      "side": "buy",
      "size": "429",
      "symbol": "F-USDT",
      "takerOrderId": "6752cb2daef36e0007fd8a90",
      "time": "1733479213451000000",
      "tradeId": "6049734702544897",
      "type": "match",
      "time_received": "10:00:13.4927"
    },
    {
      "makerOrderId": "6752bf95f517900007cc45a1",
      "price": "0.2323",
      "sequence": "6049734738982913",
      "side": "buy",
      "size": "489.1",
      "symbol": "F-USDT",
      "takerOrderId": "6752cb2dfd061e0007f42e27",
      "time": "1733479213502000000",
      "tradeId": "6049734738982913",
      "type": "match",
      "time_received": "10:00:13.5488"
    },
    {
      "makerOrderId": "6752cb2decb8b20007028711",
      "price": "0.2321",
      "sequence": "6049734808320001",
      "side": "sell",
      "size": "10",
      "symbol": "F-USDT",
      "takerOrderId": "6752cb2de7750000076cffb4",
      "time": "1733479213605000000",
      "tradeId": "6049734808320001",
      "type": "match",
      "time_received": "10:00:13.6518"
    },
    {
      "makerOrderId": "6752cb2decb8b20007028711",
      "price": "0.2321",
      "sequence": "6049734808975361",
      "side": "sell",
      "size": "10",
      "symbol": "F-USDT",
      "takerOrderId": "6752cb2dfe36bf0007793198",
      "time": "1733479213607000000",
      "tradeId": "6049734808975361",
      "type": "match",
      "time_received": "10:00:13.6519"
    },
    {
      "makerOrderId": "6752cb2decb8b20007028711",
      "price": "0.2321",
      "sequence": "6049734819854337",
      "side": "sell",
      "size": "10",
      "symbol": "F-USDT",
      "takerOrderId": "6752cb2dfe36bf00077931cc",
      "time": "1733479213624000000",
      "tradeId": "6049734819854337",
      "type": "match",
      "time_received": "10:00:13.6735"
    },
    {
      "makerOrderId": "6752bf95f517900007cc45a1",
      "price": "0.2323",
      "sequence": "6049734830733313",
      "side": "buy",
      "size": "350.8",
      "symbol": "F-USDT",
      "takerOrderId": "6752cb2d3ecf430007b78bd5",
      "time": "1733479213645000000",
      "tradeId": "6049734830733313",
      "type": "match",
      "time_received": "10:00:13.6926"
    },
    {
      "makerOrderId": "6752bf95f517900007cc45a1",
      "price": "0.2323",
      "sequence": "6049734830995457",
      "side": "buy",
      "size": "212",
      "symbol": "F-USDT",
      "takerOrderId": "6752cb2df517900007300d07",
      "time": "1733479213645000000",
      "tradeId": "6049734830995457",
      "type": "match",
      "time_received": "10:00:13.6927"
    },
    {
      "makerOrderId": "6752bf95f517900007cc45a1",
      "price": "0.2323",
      "sequence": "6049734849869825",
      "side": "buy",
      "size": "489.1",
      "symbol": "F-USDT",
      "takerOrderId": "6752cb2d3bb37e0007caa361",
      "time": "1733479213693000000",
      "tradeId": "6049734849869825",
      "type": "match",
      "time_received": "10:00:13.7366"
    },
    {
      "makerOrderId": "6752bf95f517900007cc45a1",
      "price": "0.2323",
      "sequence": "6049734961543169",
      "side": "buy",
      "size": "489.1",
      "symbol": "F-USDT",
      "takerOrderId": "6752cb2daef36e0007fd8fd4",
      "time": "1733479213900000000",
      "tradeId": "6049734961543169",
      "type": "match",
      "time_received": "10:00:13.9471"
    },
    {
      "makerOrderId": "6752bf95f517900007cc45a1",
      "price": "0.2323",
      "sequence": "6049734973601793",
      "side": "buy",
      "size": "2074.6",
      "symbol": "F-USDT",
      "takerOrderId": "6752cb2da398ab0007eb9a36",
      "time": "1733479213937000000",
      "tradeId": "6049734973601793",
      "type": "match",
      "time_received": "10:00:13.9808"
    },
    {
      "makerOrderId": "6752cb2decb8b20007028711",
      "price": "0.2321",
      "sequence": "6049735016593409",
      "side": "sell",
      "size": "10",
      "symbol": "F-USDT",
      "takerOrderId": "6752cb2e8338b9000798a9b3",
      "time": "1733479214014000000",
      "tradeId": "6049735016593409",
      "type": "match",
      "time_received": "10:00:14.0598"
    },
    {
      "makerOrderId": "6752cb2decb8b20007028711",
      "price": "0.2321",
      "sequence": "6049735017248769",
      "side": "sell",
      "size": "10",
      "symbol": "F-USDT",
      "takerOrderId": "6752cb2eff2a9e000766ff30",
      "time": "1733479214015000000",
      "tradeId": "6049735017248769",
      "type": "match",
      "time_received": "10:00:14.0599"
    },
    {
      "makerOrderId": "6752cb2decb8b20007028711",
      "price": "0.2321",
      "sequence": "6049735022229505",
      "side": "sell",
      "size": "10",
      "symbol": "F-USDT",
      "takerOrderId": "6752cb2e8338b9000798a9cd",
      "time": "1733479214025000000",
      "tradeId": "6049735022229505",
      "type": "match",
      "time_received": "10:00:14.0719"
    },
    {
      "makerOrderId": "6752bf95f517900007cc45a1",
      "price": "0.2323",
      "sequence": "6049735066269697",
      "side": "buy",
      "size": "2083.3",
      "symbol": "F-USDT",
      "takerOrderId": "6752cb2eb1d2ab0007df51dc",
      "time": "1733479214125000000",
      "tradeId": "6049735066269697",
      "type": "match",
      "time_received": "10:00:14.1680"
    },
    {
      "makerOrderId": "6752bf95f517900007cc45a1",
      "price": "0.2323",
      "sequence": "6049735112013825",
      "side": "buy",
      "size": "494.5",
      "symbol": "F-USDT",
      "takerOrderId": "6752cb2efe36bf0007793716",
      "time": "1733479214227000000",
      "tradeId": "6049735112013825",
      "type": "match",
      "time_received": "10:00:14.2731"
    },
    {
      "makerOrderId": "6752cb2decb8b20007028711",
      "price": "0.2321",
      "sequence": "6049735194720257",
      "side": "sell",
      "size": "10",
      "symbol": "F-USDT",
      "takerOrderId": "6752cb2e2e6b3a0007943421",
      "time": "1733479214428000000",
      "tradeId": "6049735194720257",
      "type": "match",
      "time_received": "10:00:14.4749"
    },
    {
      "makerOrderId": "6752cb2decb8b20007028711",
      "price": "0.2321",
      "sequence": "6049735195244545",
      "side": "sell",
      "size": "10",
      "symbol": "F-USDT",
      "takerOrderId": "6752cb2e1e1c9e0007a6aaeb",
      "time": "1733479214430000000",
      "tradeId": "6049735195244545",
      "type": "match",
      "time_received": "10:00:14.4751"
    },
    {
      "makerOrderId": "6752cb2decb8b20007028711",
      "price": "0.2321",
      "sequence": "6049735197341697",
      "side": "sell",
      "size": "10",
      "symbol": "F-USDT",
      "takerOrderId": "6752cb2eb1d2ab0007df544c",
      "time": "1733479214433000000",
      "tradeId": "6049735197341697",
      "type": "match",
      "time_received": "10:00:14.4814"
    },
    {
      "makerOrderId": "6752bf95f517900007cc45a1",
      "price": "0.2323",
      "sequence": "6049735296169985",
      "side": "buy",
      "size": "251.5",
      "symbol": "F-USDT",
      "takerOrderId": "6752cb2e2e6b3a00079435f9",
      "time": "1733479214689000000",
      "tradeId": "6049735296169985",
      "type": "match",
      "time_received": "10:00:14.7302"
    },
    {
      "makerOrderId": "6752cb2c716ab30007459501",
      "price": "0.23567",
      "sequence": "6049735296169988",
      "side": "buy",
      "size": "64.9",
      "symbol": "F-USDT",
      "takerOrderId": "6752cb2e2e6b3a00079435f9",
      "time": "1733479214689000000",
      "tradeId": "6049735296169988",
      "type": "match",
      "time_received": "10:00:14.7361"
    },
    {
      "makerOrderId": "6752bf95a398ab000787d362",
      "price": "0.2427",
      "sequence": "6049735363672065",
      "side": "buy",
      "size": "109.9",
      "symbol": "F-USDT",
      "takerOrderId": "6752cb2eecb8b20007029604",
      "time": "1733479214826000000",
      "tradeId": "6049735363672065",
      "type": "match",
      "time_received": "10:00:14.8729"
    },
    {
      "makerOrderId": "6752cb2e2e6b3a00079435f9",
      "price": "0.2363",
      "sequence": "6049735365113857",
      "side": "sell",
      "size": "10",
      "symbol": "F-USDT",
      "takerOrderId": "6752cb2efd061e0007f43a1b",
      "time": "1733479214830000000",
      "tradeId": "6049735365113857",
      "type": "match",
      "time_received": "10:00:14.8729"
    },
    {
      "makerOrderId": "6752cb2e2e6b3a00079435f9",
      "price": "0.2363",
      "sequence": "6049735366293505",
      "side": "sell",
      "size": "10",
      "symbol": "F-USDT",
      "takerOrderId": "6752cb2e8338b9000798b081",
      "time": "1733479214833000000",
      "tradeId": "6049735366293505",
      "type": "match",
      "time_received": "10:00:14.8783"
    },
    {
      "makerOrderId": "6752cb2e2e6b3a00079435f9",
      "price": "0.2363",
      "sequence": "6049735370094593",
      "side": "sell",
      "size": "10",
      "symbol": "F-USDT",
      "takerOrderId": "6752cb2e3ecf430007b79605",
      "time": "1733479214840000000",
      "tradeId": "6049735370094593",
      "type": "match",
      "time_received": "10:00:14.8871"
    },
    {
      "makerOrderId": "6752cb2ee7750000076d0ab0",
      "price": "0.23715",
      "sequence": "6049735510865921",
      "side": "sell",
      "size": "10",
      "symbol": "F-USDT",
      "takerOrderId": "6752cb2f41bdfd0007f39016",
      "time": "1733479215170000000",
      "tradeId": "6049735510865921",
      "type": "match",
      "time_received": "10:00:15.2141"
    },
    {
      "makerOrderId": "6752cb2ee7750000076d0ab0",
      "price": "0.23715",
      "sequence": "6049735510996993",
      "side": "sell",
      "size": "10",
      "symbol": "F-USDT",
      "takerOrderId": "6752cb2ff5179000073019e8",
      "time": "1733479215170000000",
      "tradeId": "6049735510996993",
      "type": "match",
      "time_received": "10:00:15.2142"
    },
    {
      "makerOrderId": "6752cb2ee7750000076d0ab0",
      "price": "0.23715",
      "sequence": "6049735514667009",
      "side": "sell",
      "size": "10",
      "symbol": "F-USDT",
      "takerOrderId": "6752cb2f2e6b3a0007943a0a",
      "time": "1733479215177000000",
      "tradeId": "6049735514667009",
      "type": "match",
      "time_received": "10:00:15.2202"
    },
    {
      "makerOrderId": "6752cb2f716ab3000745aaf1",
      "price": "0.23716",
      "sequence": "6049735729625089",
      "side": "sell",
      "size": "10",
      "symbol": "F-USDT",
      "takerOrderId": "6752cb2ffe36bf00077943e4",
      "time": "1733479215550000000",
      "tradeId": "6049735729625089",
      "type": "match",
      "time_received": "10:00:15.5974"
    },
    {
      "makerOrderId": "6752cb2f716ab3000745aaf1",
      "price": "0.23716",
      "sequence": "6049735730280449",
      "side": "sell",
      "size": "10",
      "symbol": "F-USDT",
      "takerOrderId": "6752cb2faef36e0007fd9f94",
      "time": "1733479215552000000",
      "tradeId": "6049735730280449",
      "type": "match",
      "time_received": "10:00:15.5976"
    },
    {
      "makerOrderId": "6752cb2f716ab3000745aaf1",
      "price": "0.23716",
      "sequence": "6049735735654401",
      "side": "sell",
      "size": "10",
      "symbol": "F-USDT",
      "takerOrderId": "6752cb2faef36e0007fd9fa5",
      "time": "1733479215565000000",
      "tradeId": "6049735735654401",
      "type": "match",
      "time_received": "10:00:15.6120"
    },
    {
      "makerOrderId": "6752cb2f716ab3000745aaf1",
      "price": "0.23716",
      "sequence": "6049735742339073",
      "side": "sell",
      "size": "59.7",
      "symbol": "F-USDT",
      "takerOrderId": "6752cb2ffe36bf00077943fc",
      "time": "1733479215576000000",
      "tradeId": "6049735742339073",
      "type": "match",
      "time_received": "10:00:15.6188"
    },
    {
      "makerOrderId": "6752cb2f3ecf430007b79d2b",
      "price": "0.23616",
      "sequence": "6049735742339076",
      "side": "sell",
      "size": "291.1",
      "symbol": "F-USDT",
      "takerOrderId": "6752cb2ffe36bf00077943fc",
      "time": "1733479215576000000",
      "tradeId": "6049735742339076",
      "type": "match",
      "time_received": "10:00:15.6189"
    },
    {
      "makerOrderId": "6752cb2fff2a9e0007670e7f",
      "price": "0.23664",
      "sequence": "6049735932524545",
      "side": "sell",
      "size": "10",
      "symbol": "F-USDT",
      "takerOrderId": "6752cb2ff5179000073022f4",
      "time": "1733479215958000000",
      "tradeId": "6049735932524545",
      "type": "match",
      "time_received": "10:00:16.0010"
    },
    {
      "makerOrderId": "6752cb2fff2a9e0007670e7f",
      "price": "0.23664",
      "sequence": "6049735935408129",
      "side": "sell",
      "size": "10",
      "symbol": "F-USDT",
      "takerOrderId": "6752cb2ffd80ce0007d6125d",
      "time": "1733479215964000000",
      "tradeId": "6049735935408129",
      "type": "match",
      "time_received": "10:00:16.0081"
    },
    {
      "makerOrderId": "6752cb2fff2a9e0007670e7f",
      "price": "0.23664",
      "sequence": "6049735935539201",
      "side": "sell",
      "size": "10",
      "symbol": "F-USDT",
      "takerOrderId": "6752cb2ffe36bf00077947a5",
      "time": "1733479215964000000",
      "tradeId": "6049735935539201",
      "type": "match",
      "time_received": "10:00:16.0082"
    },
    {
      "makerOrderId": "6752cb2fff2a9e0007670e7f",
      "price": "0.23664",
      "sequence": "6049736084174849",
      "side": "sell",
      "size": "10",
      "symbol": "F-USDT",
      "takerOrderId": "6752cb308338b9000798bf5e",
      "time": "1733479216369000000",
      "tradeId": "6049736084174849",
      "type": "match",
      "time_received": "10:00:16.4164"
    },
    {
      "makerOrderId": "6752cb2fff2a9e0007670e7f",
      "price": "0.23664",
      "sequence": "6049736085485569",
      "side": "sell",
      "size": "10",
      "symbol": "F-USDT",
      "takerOrderId": "6752cb30ff2a9e0007671517",
      "time": "1733479216372000000",
      "tradeId": "6049736085485569",
      "type": "match",
      "time_received": "10:00:16.4165"
    },
    {
      "makerOrderId": "6752cb2fff2a9e0007670e7f",
      "price": "0.23664",
      "sequence": "6049736089679873",
      "side": "sell",
      "size": "10",
      "symbol": "F-USDT",
      "takerOrderId": "6752cb30e7750000076d1951",
      "time": "1733479216380000000",
      "tradeId": "6049736089679873",
      "type": "match",
      "time_received": "10:00:16.4242"
    },
    {
      "makerOrderId": "6752cb303ecf430007b7a79e",
      "price": "0.238",
      "sequence": "6049736244475905",
      "side": "sell",
      "size": "10",
      "symbol": "F-USDT",
      "takerOrderId": "6752cb303ecf430007b7a871",
      "time": "1733479216779000000",
      "tradeId": "6049736244475905",
      "type": "match",
      "time_received": "10:00:16.8257"
    },
    {
      "makerOrderId": "6752cb303ecf430007b7a79e",
      "price": "0.238",
      "sequence": "6049736245000193",
      "side": "sell",
      "size": "10",
      "symbol": "F-USDT",
      "takerOrderId": "6752cb303bb37e0007cabf91",
      "time": "1733479216780000000",
      "tradeId": "6049736245000193",
      "type": "match",
      "time_received": "10:00:16.8258"
    },
    {
      "makerOrderId": "6752cb303ecf430007b7a79e",
      "price": "0.238",
      "sequence": "6049736250505217",
      "side": "sell",
      "size": "10",
      "symbol": "F-USDT",
      "takerOrderId": "6752cb308338b9000798c31f",
      "time": "1733479216795000000",
      "tradeId": "6049736250505217",
      "type": "match",
      "time_received": "10:00:16.8421"
    },
    {
      "makerOrderId": "6752cb30aef36e0007fdaa08",
      "price": "0.242",
      "sequence": "6049736268986369",
      "side": "buy",
      "size": "38",
      "symbol": "F-USDT",
      "takerOrderId": "6752cb30b1d2ab0007df6ac2",
      "time": "1733479216835000000",
      "tradeId": "6049736268986369",
      "type": "match",
      "time_received": "10:00:16.8817"
    },
    {
      "makerOrderId": "6752cb303ecf430007b7a79e",
      "price": "0.238",
      "sequence": "6049736382363649",
      "side": "sell",
      "size": "10",
      "symbol": "F-USDT",
      "takerOrderId": "6752cb319574f30007633253",
      "time": "1733479217078000000",
      "tradeId": "6049736382363649",
      "type": "match",
      "time_received": "10:00:17.1224"
    },
    {
      "makerOrderId": "6752cb303ecf430007b7a79e",
      "price": "0.238",
      "sequence": "6049736383412225",
      "side": "sell",
      "size": "10",
      "symbol": "F-USDT",
      "takerOrderId": "6752cb31716ab3000745bd58",
      "time": "1733479217080000000",
      "tradeId": "6049736383412225",
      "type": "match",
      "time_received": "10:00:17.1323"
    },
    {
      "makerOrderId": "6752cb303ecf430007b7a79e",
      "price": "0.238",
      "sequence": "6049736386295809",
      "side": "sell",
      "size": "10",
      "symbol": "F-USDT",
      "takerOrderId": "6752cb31716ab3000745bd76",
      "time": "1733479217090000000",
      "tradeId": "6049736386295809",
      "type": "match",
      "time_received": "10:00:17.1372"
    },
    {
      "makerOrderId": "6752cb303ecf430007b7a79e",
      "price": "0.238",
      "sequence": "6049736473589761",
      "side": "sell",
      "size": "10",
      "symbol": "F-USDT",
      "takerOrderId": "6752cb31fd061e0007f451c3",
      "time": "1733479217362000000",
      "tradeId": "6049736473589761",
      "type": "match",
      "time_received": "10:00:17.4088"
    },
    {
      "makerOrderId": "6752cb303ecf430007b7a79e",
      "price": "0.238",
      "sequence": "6049736479881217",
      "side": "sell",
      "size": "10",
      "symbol": "F-USDT",
      "takerOrderId": "6752cb31fd061e0007f451e4",
      "time": "1733479217373000000",
      "tradeId": "6049736479881217",
      "type": "match",
      "time_received": "10:00:17.4148"
    },
    {
      "makerOrderId": "6752cb303ecf430007b7a79e",
      "price": "0.238",
      "sequence": "6049736488007681",
      "side": "sell",
      "size": "10",
      "symbol": "F-USDT",
      "takerOrderId": "6752cb31b1d2ab0007df6f95",
      "time": "1733479217390000000",
      "tradeId": "6049736488007681",
      "type": "match",
      "time_received": "10:00:17.4329"
    },
    {
      "makerOrderId": "6752cb303ecf430007b7a79e",
      "price": "0.238",
      "sequence": "6049736505964545",
      "side": "sell",
      "size": "120",
      "symbol": "F-USDT",
      "takerOrderId": "6752cb31ecb8b2000702ae5c",
      "time": "1733479217424000000",
      "tradeId": "6049736505964545",
      "type": "match",
