[
  {
    "id": "1732186770489",
    "type": "pong",
    "timestamp": 1732186770537917
  },
  {
    "id": "1732186790490",
    "type": "pong",
    "timestamp": 1732186790538340
  },
  {
    "topic": "/market/match:ASI-USDT",
    "type": "message",
    "subject": "trade.l3match",
    "data": {
      "price": "0.02",
      "sequence": "5553315710908417",
      "side": "sell",
      "size": "10",
      "symbol": "ASI-USDT",
      "time": "1732186800000000000",
      "tradeId": "5553315710908417",
      "type": "match",
      "time_before_que.put": "11:00:00.063",
      "seconds_from_release": 0.063648,
      "time_after_queue.get": "11:00:00.064"
    }
  },
  {
    "topic": "/market/match:ASI-USDT",
    "type": "message",
    "subject": "trade.l3match",
    "data": {
      "makerOrderId": "673f090ecf286a00071afb2a",
      "price": "0.10923",
      "sequence": "5553315711563777",
      "side": "buy",
      "size": "4860",
      "symbol": "ASI-USDT",
      "takerOrderId": "673f12b0cf286a00074f23c0",
      "time": "1732186800016000000",
      "tradeId": "5553315711563777",
      "type": "match",
      "time_before_que.put": "11:00:00.064",
      "seconds_from_release": 0.064272,
      "time_after_queue.get": "11:00:00.065"
    }
  },
  {
    "topic": "/market/match:ASI-USDT",
    "type": "message",
    "subject": "trade.l3match",
    "data": {
      "makerOrderId": "673f090d4fe7460007d6c3a2",
      "price": "0.11385",
      "sequence": "5553315711563780",
      "side": "buy",
      "size": "2009",
      "symbol": "ASI-USDT",
      "takerOrderId": "673f12b0cf286a00074f23c0",
      "time": "1732186800016000000",
      "tradeId": "5553315711563780",
      "type": "match",
      "time_before_que.put": "11:00:00.065",
      "seconds_from_release": 0.065191,
      "time_after_queue.get": "11:00:00.065"
    }
  },
  {
    "topic": "/market/match:ASI-USDT",
    "type": "message",
    "subject": "trade.l3match",
    "data": {
      "makerOrderId": "673f090d4fe7460007d6c3a2",
      "price": "0.11385",
      "sequence": "5553315711694849",
      "side": "buy",
      "size": "3391",
      "symbol": "ASI-USDT",
      "takerOrderId": "673f12b0cf286a00074f23c6",
      "time": "1732186800017000000",
      "tradeId": "5553315711694849",
      "type": "match",
      "time_before_que.put": "11:00:00.065",
      "seconds_from_release": 0.065449,
      "time_after_queue.get": "11:00:00.065"
    }
  },
  {
    "topic": "/market/match:ASI-USDT",
    "type": "message",
    "subject": "trade.l3match",
    "data": {
      "makerOrderId": "673f090e4fe7460007d6c414",
      "price": "0.11846",
      "sequence": "5553315711694852",
      "side": "buy",
      "size": "3542",
      "symbol": "ASI-USDT",
      "takerOrderId": "673f12b0cf286a00074f23c6",
      "time": "1732186800017000000",
      "tradeId": "5553315711694852",
      "type": "match",
      "time_before_que.put": "11:00:00.065",
      "seconds_from_release": 0.065656,
      "time_after_queue.get": "11:00:00.066"
    }
  },
  {
    "topic": "/market/match:ASI-USDT",
    "type": "message",
    "subject": "trade.l3match",
    "data": {
      "makerOrderId": "673f090e4fe7460007d6c414",
      "price": "0.11846",
      "sequence": "5553315712219137",
      "side": "buy",
      "size": "2458",
      "symbol": "ASI-USDT",
      "takerOrderId": "673f12b0c65bf7000743941a",
      "time": "1732186800018000000",
      "tradeId": "5553315712219137",
      "type": "match",
      "time_before_que.put": "11:00:00.066",
      "seconds_from_release": 0.066118,
      "time_after_queue.get": "11:00:00.066"
    }
  },
  {
    "topic": "/market/match:ASI-USDT",
    "type": "message",
    "subject": "trade.l3match",
    "data": {
      "makerOrderId": "673f090ec5ba74000763f3ad",
      "price": "0.12308",
      "sequence": "5553315712219140",
      "side": "buy",
      "size": "4475",
      "symbol": "ASI-USDT",
      "takerOrderId": "673f12b0c65bf7000743941a",
      "time": "1732186800018000000",
      "tradeId": "5553315712219140",
      "type": "match",
      "time_before_que.put": "11:00:00.066",
      "seconds_from_release": 0.066268,
      "time_after_queue.get": "11:00:00.066"
    }
  },
  {
    "topic": "/market/match:ASI-USDT",
    "type": "message",
    "subject": "trade.l3match",
    "data": {
      "makerOrderId": "673f090ec5ba74000763f3ad",
      "price": "0.12308",
      "sequence": "5553315714054145",
      "side": "buy",
      "size": "2195",
      "symbol": "ASI-USDT",
      "takerOrderId": "673f12b0c65bf70007439437",
      "time": "1732186800023000000",
      "tradeId": "5553315714054145",
      "type": "match",
      "time_before_que.put": "11:00:00.066",
      "seconds_from_release": 0.066427,
      "time_after_queue.get": "11:00:00.066"
    }
  },
  {
    "topic": "/market/match:ASI-USDT",
    "type": "message",
    "subject": "trade.l3match",
    "data": {
      "makerOrderId": "673f090ef4a7c50007765e4e",
      "price": "0.12769",
      "sequence": "5553315714054148",
      "side": "buy",
      "size": "4738",
      "symbol": "ASI-USDT",
      "takerOrderId": "673f12b0c65bf70007439437",
      "time": "1732186800023000000",
      "tradeId": "5553315714054148",
      "type": "match",
      "time_before_que.put": "11:00:00.066",
      "seconds_from_release": 0.066686,
      "time_after_queue.get": "11:00:00.066"
    }
  },
  {
    "topic": "/market/match:ASI-USDT",
    "type": "message",
    "subject": "trade.l3match",
    "data": {
      "makerOrderId": "673f090ef4a7c50007765e4e",
      "price": "0.12769",
      "sequence": "5553315714578433",
      "side": "buy",
      "size": "2672",
      "symbol": "ASI-USDT",
      "takerOrderId": "673f12b0cf286a00074f23f7",
      "time": "1732186800024000000",
      "tradeId": "5553315714578433",
      "type": "match",
      "time_before_que.put": "11:00:00.066",
      "seconds_from_release": 0.066945,
      "time_after_queue.get": "11:00:00.069"
    }
  },
  {
    "topic": "/market/match:ASI-USDT",
    "type": "message",
    "subject": "trade.l3match",
    "data": {
      "makerOrderId": "673f090eb7e21a0007404892",
      "price": "0.13231",
      "sequence": "5553315714578436",
      "side": "buy",
      "size": "4197",
      "symbol": "ASI-USDT",
      "takerOrderId": "673f12b0cf286a00074f23f7",
      "time": "1732186800024000000",
      "tradeId": "5553315714578436",
      "type": "match",
      "time_before_que.put": "11:00:00.135",
      "seconds_from_release": 0.13569,
      "time_after_queue.get": "11:00:00.136"
    }
  },
  {
    "topic": "/market/match:ASI-USDT",
    "type": "message",
    "subject": "trade.l3match",
    "data": {
      "makerOrderId": "673f090eb7e21a0007404892",
      "price": "0.13231",
      "sequence": "5553315714709505",
      "side": "buy",
      "size": "4033",
      "symbol": "ASI-USDT",
      "takerOrderId": "673f12b0c65bf70007439433",
      "time": "1732186800024000000",
      "tradeId": "5553315714709505",
      "type": "match",
      "time_before_que.put": "11:00:00.136",
      "seconds_from_release": 0.13604,
      "time_after_queue.get": "11:00:00.136"
    }
  },
  {
    "topic": "/market/match:ASI-USDT",
    "type": "message",
    "subject": "trade.l3match",
    "data": {
      "makerOrderId": "673f090ef4a7c50007765fce",
      "price": "0.13692",
      "sequence": "5553315714709508",
      "side": "buy",
      "size": "2900",
      "symbol": "ASI-USDT",
      "takerOrderId": "673f12b0c65bf70007439433",
      "time": "1732186800024000000",
      "tradeId": "5553315714709508",
      "type": "match",
      "time_before_que.put": "11:00:00.136",
      "seconds_from_release": 0.13633,
      "time_after_queue.get": "11:00:00.137"
    }
  },
  {
    "topic": "/market/match:ASI-USDT",
    "type": "message",
    "subject": "trade.l3match",
    "data": {
      "makerOrderId": "673f090ef4a7c50007765fce",
      "price": "0.13692",
      "sequence": "5553315714840577",
      "side": "buy",
      "size": "6240",
      "symbol": "ASI-USDT",
      "takerOrderId": "673f12b0cf286a00074f23ed",
      "time": "1732186800024000000",
      "tradeId": "5553315714840577",
      "type": "match",
      "time_before_que.put": "11:00:00.136",
      "seconds_from_release": 0.136793,
      "time_after_queue.get": "11:00:00.137"
    }
  },
  {
    "topic": "/market/match:ASI-USDT",
    "type": "message",
    "subject": "trade.l3match",
    "data": {
      "makerOrderId": "673f090ef1bf400007707ca8",
      "price": "0.14154",
      "sequence": "5553315714840580",
      "side": "buy",
      "size": "629",
      "symbol": "ASI-USDT",
      "takerOrderId": "673f12b0cf286a00074f23ed",
      "time": "1732186800024000000",
      "tradeId": "5553315714840580",
      "type": "match",
      "time_before_que.put": "11:00:00.136",
      "seconds_from_release": 0.136946,
      "time_after_queue.get": "11:00:00.137"
    }
  },
  {
    "topic": "/market/match:ASI-USDT",
    "type": "message",
    "subject": "trade.l3match",
    "data": {
      "makerOrderId": "673f090ef1bf400007707ca8",
      "price": "0.14154",
      "sequence": "5553315715627009",
      "side": "buy",
      "size": "6933",
      "symbol": "ASI-USDT",
      "takerOrderId": "673f12b0c65bf7000743946e",
      "time": "1732186800028000000",
      "tradeId": "5553315715627009",
      "type": "match",
      "time_before_que.put": "11:00:00.137",
      "seconds_from_release": 0.137036,
      "time_after_queue.get": "11:00:00.137"
    }
  },
  {
    "topic": "/market/match:ASI-USDT",
    "type": "message",
    "subject": "trade.l3match",
    "data": {
      "makerOrderId": "673f090ef1bf400007707ca8",
      "price": "0.14154",
      "sequence": "5553315715758081",
      "side": "buy",
      "size": "2598",
      "symbol": "ASI-USDT",
      "takerOrderId": "673f12b0cf286a00074f2414",
      "time": "1732186800028000000",
      "tradeId": "5553315715758081",
      "type": "match",
      "time_before_que.put": "11:00:00.137",
      "seconds_from_release": 0.137145,
      "time_after_queue.get": "11:00:00.137"
    }
  },
  {
    "topic": "/market/match:ASI-USDT",
    "type": "message",
    "subject": "trade.l3match",
    "data": {
      "makerOrderId": "673f090ef4a7c50007765f5f",
      "price": "0.14615",
      "sequence": "5553315715758084",
      "side": "buy",
      "size": "4335",
      "symbol": "ASI-USDT",
      "takerOrderId": "673f12b0cf286a00074f2414",
      "time": "1732186800028000000",
      "tradeId": "5553315715758084",
      "type": "match",
      "time_before_que.put": "11:00:00.137",
      "seconds_from_release": 0.137275,
      "time_after_queue.get": "11:00:00.137"
    }
  },
  {
    "topic": "/market/match:ASI-USDT",
    "type": "message",
    "subject": "trade.l3match",
    "data": {
      "makerOrderId": "673f090ef4a7c50007765f5f",
      "price": "0.14615",
      "sequence": "5553315716675585",
      "side": "buy",
      "size": "6869",
      "symbol": "ASI-USDT",
      "takerOrderId": "673f12b0c65bf7000743947e",
      "time": "1732186800031000000",
      "tradeId": "5553315716675585",
      "type": "match",
      "time_before_que.put": "11:00:00.137",
      "seconds_from_release": 0.137567,
      "time_after_queue.get": "11:00:00.138"
    }
  },
  {
    "topic": "/market/match:ASI-USDT",
    "type": "message",
    "subject": "trade.l3match",
    "data": {
      "makerOrderId": "673f090ef4a7c50007765f5f",
      "price": "0.14615",
      "sequence": "5553315716806657",
      "side": "buy",
      "size": "86",
      "symbol": "ASI-USDT",
      "takerOrderId": "673f12b0c65bf70007439478",
      "time": "1732186800031000000",
      "tradeId": "5553315716806657",
      "type": "match",
      "time_before_que.put": "11:00:00.137",
      "seconds_from_release": 0.137777,
      "time_after_queue.get": "11:00:00.138"
    }
  },
  {
    "topic": "/market/match:ASI-USDT",
    "type": "message",
    "subject": "trade.l3match",
    "data": {
      "makerOrderId": "673f090e37061e0007200d93",
      "price": "0.15077",
      "sequence": "5553315735025665",
      "side": "buy",
      "size": "6237.5",
      "symbol": "ASI-USDT",
      "takerOrderId": "673f12b0c65bf700074394f6",
      "time": "1732186800071000000",
      "tradeId": "5553315735025665",
      "type": "match",
      "time_before_que.put": "11:00:00.137",
      "seconds_from_release": 0.137903,
      "time_after_queue.get": "11:00:00.138"
    }
  },
  {
    "topic": "/market/match:ASI-USDT",
    "type": "message",
    "subject": "trade.l3match",
    "data": {
      "makerOrderId": "673f090e37061e0007200d93",
      "price": "0.15077",
      "sequence": "5553315735156737",
      "side": "buy",
      "size": "6237.5",
      "symbol": "ASI-USDT",
      "takerOrderId": "673f12b0c65bf700074394f5",
      "time": "1732186800071000000",
      "tradeId": "5553315735156737",
      "type": "match",
      "time_before_que.put": "11:00:00.138",
      "seconds_from_release": 0.138011,
      "time_after_queue.get": "11:00:00.138"
    }
  },
  {
    "topic": "/market/match:ASI-USDT",
    "type": "message",
    "subject": "trade.l3match",
    "data": {
      "makerOrderId": "673f090e37061e0007200d93",
      "price": "0.15077",
      "sequence": "5553315735287809",
      "side": "buy",
      "size": "65",
      "symbol": "ASI-USDT",
      "takerOrderId": "673f12b0c65bf70007439581",
      "time": "1732186800071000000",
      "tradeId": "5553315735287809",
      "type": "match",
      "time_before_que.put": "11:00:00.138",
      "seconds_from_release": 0.13815,
      "time_after_queue.get": "11:00:00.138"
    }
  },
  {
    "topic": "/market/match:ASI-USDT",
    "type": "message",
    "subject": "trade.l3match",
    "data": {
      "makerOrderId": "673f090ed52cb80007d97c49",
      "price": "0.15538",
      "sequence": "5553315735287812",
      "side": "buy",
      "size": "6172.5",
      "symbol": "ASI-USDT",
      "takerOrderId": "673f12b0c65bf70007439581",
      "time": "1732186800071000000",
      "tradeId": "5553315735287812",
      "type": "match",
      "time_before_que.put": "11:00:00.138",
      "seconds_from_release": 0.138244,
      "time_after_queue.get": "11:00:00.138"
    }
  },
  {
    "topic": "/market/match:ASI-USDT",
    "type": "message",
    "subject": "trade.l3match",
    "data": {
      "makerOrderId": "673f090ed52cb80007d97c49",
      "price": "0.15538",
      "sequence": "5553315735418881",
      "side": "buy",
      "size": "6237.5",
      "symbol": "ASI-USDT",
      "takerOrderId": "673f12b0c65bf7000743954b",
      "time": "1732186800071000000",
      "tradeId": "5553315735418881",
      "type": "match",
      "time_before_que.put": "11:00:00.138",
      "seconds_from_release": 0.138356,
      "time_after_queue.get": "11:00:00.138"
    }
  },
  {
    "topic": "/market/match:ASI-USDT",
    "type": "message",
    "subject": "trade.l3match",
    "data": {
      "makerOrderId": "673f090ed52cb80007d97c49",
      "price": "0.15538",
      "sequence": "5553315736598529",
      "side": "buy",
      "size": "10",
      "symbol": "ASI-USDT",
      "takerOrderId": "673f12b0f1bf400007a4a045",
      "time": "1732186800076000000",
      "tradeId": "5553315736598529",
      "type": "match",
      "time_before_que.put": "11:00:00.138",
      "seconds_from_release": 0.138501,
      "time_after_queue.get": "11:00:00.139"
    }
  },
  {
    "topic": "/market/match:ASI-USDT",
    "type": "message",
    "subject": "trade.l3match",
    "data": {
      "makerOrderId": "673f090ed52cb80007d97c49",
      "price": "0.15538",
      "sequence": "5553315749312513",
      "side": "buy",
      "size": "10",
      "symbol": "ASI-USDT",
      "takerOrderId": "673f12b0f1bf400007a4a137",
      "time": "1732186800112000000",
      "tradeId": "5553315749312513",
      "type": "match",
      "time_before_que.put": "11:00:00.152",
      "seconds_from_release": 0.152647,
      "time_after_queue.get": "11:00:00.153"
    }
  },
  {
    "topic": "/market/match:ASI-USDT",
    "type": "message",
    "subject": "trade.l3match",
    "data": {
      "makerOrderId": "673f090ed52cb80007d97c49",
      "price": "0.15538",
      "sequence": "5553315762157569",
      "side": "buy",
      "size": "400",
      "symbol": "ASI-USDT",
      "takerOrderId": "673f12b0cf286a00074f264d",
      "time": "1732186800153000000",
      "tradeId": "5553315762157569",
      "type": "match",
      "time_before_que.put": "11:00:00.191",
      "seconds_from_release": 0.191386,
      "time_after_queue.get": "11:00:00.191"
    }
  },
  {
    "topic": "/market/match:ASI-USDT",
    "type": "message",
    "subject": "trade.l3match",
    "data": {
      "makerOrderId": "673f090ed52cb80007d97c49",
      "price": "0.15538",
      "sequence": "5553315773822977",
      "side": "buy",
      "size": "20",
      "symbol": "ASI-USDT",
      "takerOrderId": "673f12b068486d000799a48f",
      "time": "1732186800192000000",
      "tradeId": "5553315773822977",
      "type": "match",
      "time_before_que.put": "11:00:00.228",
      "seconds_from_release": 0.228716,
      "time_after_queue.get": "11:00:00.229"
    }
  },
  {
    "topic": "/market/match:ASI-USDT",
    "type": "message",
    "subject": "trade.l3match",
    "data": {
      "makerOrderId": "673f090ed52cb80007d97c49",
      "price": "0.15538",
      "sequence": "5553315776313345",
      "side": "buy",
      "size": "10",
      "symbol": "ASI-USDT",
      "takerOrderId": "673f12b0f1bf400007a4a240",
      "time": "1732186800199000000",
      "tradeId": "5553315776313345",
      "type": "match",
      "time_before_que.put": "11:00:00.238",
      "seconds_from_release": 0.238606,
      "time_after_queue.get": "11:00:00.238"
    }
  },
  {
    "topic": "/market/match:ASI-USDT",
    "type": "message",
    "subject": "trade.l3match",
    "data": {
      "makerOrderId": "673f090ed52cb80007d97c49",
      "price": "0.15538",
      "sequence": "5553315797547009",
      "side": "buy",
      "size": "11",
      "symbol": "ASI-USDT",
      "takerOrderId": "673f12b0f1bf400007a4a310",
      "time": "1732186800262000000",
      "tradeId": "5553315797547009",
      "type": "match",
      "time_before_que.put": "11:00:00.301",
      "seconds_from_release": 0.301243,
      "time_after_queue.get": "11:00:00.301"
    }
  },
  {
    "topic": "/market/match:ASI-USDT",
    "type": "message",
    "subject": "trade.l3match",
    "data": {
      "makerOrderId": "673f090ed52cb80007d97c49",
      "price": "0.15538",
      "sequence": "5553315799250945",
      "side": "buy",
      "size": "10",
      "symbol": "ASI-USDT",
      "takerOrderId": "673f12b04fe74600070af234",
      "time": "1732186800269000000",
      "tradeId": "5553315799250945",
      "type": "match",
      "time_before_que.put": "11:00:00.308",
      "seconds_from_release": 0.308455,
      "time_after_queue.get": "11:00:00.309"
    }
  },
  {
    "topic": "/market/match:ASI-USDT",
    "type": "message",
    "subject": "trade.l3match",
    "data": {
      "makerOrderId": "673f090ed52cb80007d97c49",
      "price": "0.15538",
      "sequence": "5553315803445249",
      "side": "buy",
      "size": "11",
      "symbol": "ASI-USDT",
      "takerOrderId": "673f12b0cf286a00074f27e7",
      "time": "1732186800283000000",
      "tradeId": "5553315803445249",
      "type": "match",
      "time_before_que.put": "11:00:00.322",
      "seconds_from_release": 0.322165,
      "time_after_queue.get": "11:00:00.322"
    }
  },
  {
    "topic": "/market/match:ASI-USDT",
    "type": "message",
    "subject": "trade.l3match",
    "data": {
      "makerOrderId": "673f090ed52cb80007d97c49",
      "price": "0.15538",
      "sequence": "5553315804362753",
      "side": "buy",
      "size": "11",
      "symbol": "ASI-USDT",
      "takerOrderId": "673f12b04fe74600070af227",
      "time": "1732186800285000000",
      "tradeId": "5553315804362753",
      "type": "match",
      "time_before_que.put": "11:00:00.322",
      "seconds_from_release": 0.322308,
      "time_after_queue.get": "11:00:00.322"
    }
  },
  {
    "topic": "/market/match:ASI-USDT",
    "type": "message",
    "subject": "trade.l3match",
    "data": {
      "makerOrderId": "673f090ed52cb80007d97c49",
      "price": "0.15538",
      "sequence": "5553315813537793",
      "side": "buy",
      "size": "11",
      "symbol": "ASI-USDT",
      "takerOrderId": "673f12b0c65bf700074398e1",
      "time": "1732186800313000000",
      "tradeId": "5553315813537793",
      "type": "match",
      "time_before_que.put": "11:00:00.349",
      "seconds_from_release": 0.349169,
      "time_after_queue.get": "11:00:00.349"
    }
  },
  {
    "topic": "/market/match:ASI-USDT",
    "type": "message",
    "subject": "trade.l3match",
    "data": {
      "makerOrderId": "673f090ed52cb80007d97c49",
      "price": "0.15538",
      "sequence": "5553315820484609",
      "side": "buy",
      "size": "10",
      "symbol": "ASI-USDT",
      "takerOrderId": "673f12b0088f010007b872ad",
      "time": "1732186800335000000",
      "tradeId": "5553315820484609",
      "type": "match",
      "time_before_que.put": "11:00:00.373",
      "seconds_from_release": 0.373383,
      "time_after_queue.get": "11:00:00.373"
    }
  },
  {
    "topic": "/market/match:ASI-USDT",
    "type": "message",
    "subject": "trade.l3match",
    "data": {
      "makerOrderId": "673f090ed52cb80007d97c49",
      "price": "0.15538",
      "sequence": "5553315829004289",
      "side": "buy",
      "size": "1016",
      "symbol": "ASI-USDT",
      "takerOrderId": "673f12b0d52cb800070da3b9",
      "time": "1732186800349000000",
      "tradeId": "5553315829004289",
      "type": "match",
      "time_before_que.put": "11:00:00.388",
      "seconds_from_release": 0.388094,
      "time_after_queue.get": "11:00:00.388"
    }
  },
  {
    "topic": "/market/match:ASI-USDT",
    "type": "message",
    "subject": "trade.l3match",
    "data": {
      "makerOrderId": "673f090ef4f120000794b861",
      "price": "0.16",
      "sequence": "5553315829004292",
      "side": "buy",
      "size": "1484",
      "symbol": "ASI-USDT",
      "takerOrderId": "673f12b0d52cb800070da3b9",
      "time": "1732186800349000000",
      "tradeId": "5553315829004292",
      "type": "match",
      "time_before_que.put": "11:00:00.388",
      "seconds_from_release": 0.388375,
      "time_after_queue.get": "11:00:00.388"
    }
  },
  {
    "topic": "/market/match:ASI-USDT",
    "type": "message",
    "subject": "trade.l3match",
    "data": {
      "makerOrderId": "673f090ef4f120000794b861",
      "price": "0.16",
      "sequence": "5553315840931841",
      "side": "buy",
      "size": "10",
      "symbol": "ASI-USDT",
      "takerOrderId": "673f12b068486d000799a6fa",
      "time": "1732186800364000000",
      "tradeId": "5553315840931841",
      "type": "match",
      "time_before_que.put": "11:00:00.399",
      "seconds_from_release": 0.399577,
      "time_after_queue.get": "11:00:00.399"
    }
  },
  {
    "topic": "/market/match:ASI-USDT",
    "type": "message",
    "subject": "trade.l3match",
    "data": {
      "makerOrderId": "673f090ef4f120000794b861",
      "price": "0.16",
      "sequence": "5553315859281921",
      "side": "buy",
      "size": "10",
      "symbol": "ASI-USDT",
      "takerOrderId": "673f12b04fe74600070af3f7",
      "time": "1732186800398000000",
      "tradeId": "5553315859281921",
      "type": "match",
      "time_before_que.put": "11:00:00.437",
      "seconds_from_release": 0.43731,
      "time_after_queue.get": "11:00:00.437"
    }
  },
  {
    "topic": "/market/match:ASI-USDT",
    "type": "message",
    "subject": "trade.l3match",
    "data": {
      "makerOrderId": "673f090ef4f120000794b861",
      "price": "0.16",
      "sequence": "5553315862427649",
      "side": "buy",
      "size": "10",
      "symbol": "ASI-USDT",
      "takerOrderId": "673f12b031d09500073b74a5",
      "time": "1732186800402000000",
      "tradeId": "5553315862427649",
      "type": "match",
      "time_before_que.put": "11:00:00.437",
      "seconds_from_release": 0.437443,
      "time_after_queue.get": "11:00:00.437"
    }
  },
  {
    "topic": "/market/match:ASI-USDT",
    "type": "message",
    "subject": "trade.l3match",
    "data": {
      "makerOrderId": "673f090ef4f120000794b861",
      "price": "0.16",
      "sequence": "5553315867408385",
      "side": "buy",
      "size": "10",
      "symbol": "ASI-USDT",
      "takerOrderId": "673f12b031d09500073b74cf",
      "time": "1732186800413000000",
      "tradeId": "5553315867408385",
      "type": "match",
      "time_before_que.put": "11:00:00.453",
      "seconds_from_release": 0.453859,
      "time_after_queue.get": "11:00:00.453"
    }
  },
  {
    "topic": "/market/match:ASI-USDT",
    "type": "message",
    "subject": "trade.l3match",
    "data": {
      "makerOrderId": "673f12b0c65bf70007439478",
      "price": "0.15",
      "sequence": "5553315870554113",
      "side": "sell",
      "size": "10.9",
      "symbol": "ASI-USDT",
      "takerOrderId": "673f12b06967d3000713d310",
      "time": "1732186800420000000",
      "tradeId": "5553315870554113",
      "type": "match",
      "time_before_que.put": "11:00:00.457",
      "seconds_from_release": 0.457657,
      "time_after_queue.get": "11:00:00.457"
    }
  },
  {
    "topic": "/market/match:ASI-USDT",
    "type": "message",
    "subject": "trade.l3match",
    "data": {
      "makerOrderId": "673f090ef4f120000794b861",
      "price": "0.16",
      "sequence": "5553315870947329",
      "side": "buy",
      "size": "10",
      "symbol": "ASI-USDT",
      "takerOrderId": "673f12b067cdc900075bef59",
      "time": "1732186800420000000",
      "tradeId": "5553315870947329",
      "type": "match",
      "time_before_que.put": "11:00:00.457",
      "seconds_from_release": 0.457804,
      "time_after_queue.get": "11:00:00.457"
    }
  },
  {
    "topic": "/market/match:ASI-USDT",
    "type": "message",
    "subject": "trade.l3match",
    "data": {
      "makerOrderId": "673f090ef4f120000794b861",
      "price": "0.16",
      "sequence": "5553315872126977",
      "side": "buy",
      "size": "10",
      "symbol": "ASI-USDT",
      "takerOrderId": "673f12b0df6f6e0007846ac8",
      "time": "1732186800424000000",
      "tradeId": "5553315872126977",
      "type": "match",
      "time_before_que.put": "11:00:00.462",
      "seconds_from_release": 0.462542,
      "time_after_queue.get": "11:00:00.462"
    }
  },
  {
    "topic": "/market/match:ASI-USDT",
    "type": "message",
    "subject": "trade.l3match",
    "data": {
      "makerOrderId": "673f090ef4f120000794b861",
      "price": "0.16",
      "sequence": "5553315873306625",
      "side": "buy",
      "size": "10",
      "symbol": "ASI-USDT",
      "takerOrderId": "673f12b0c5ba7400079825d5",
      "time": "1732186800426000000",
      "tradeId": "5553315873306625",
      "type": "match",
      "time_before_que.put": "11:00:00.470",
      "seconds_from_release": 0.470457,
      "time_after_queue.get": "11:00:00.471"
    }
  },
  {
    "topic": "/market/match:ASI-USDT",
    "type": "message",
    "subject": "trade.l3match",
    "data": {
      "makerOrderId": "673f090ef4f120000794b861",
      "price": "0.16",
      "sequence": "5553315873437697",
      "side": "buy",
      "size": "300",
      "symbol": "ASI-USDT",
      "takerOrderId": "673f12b06967d3000713d2d6",
      "time": "1732186800426000000",
      "tradeId": "5553315873437697",
      "type": "match",
      "time_before_que.put": "11:00:00.470",
      "seconds_from_release": 0.470767,
      "time_after_queue.get": "11:00:00.471"
    }
  },
  {
    "topic": "/market/match:ASI-USDT",
    "type": "message",
    "subject": "trade.l3match",
    "data": {
      "makerOrderId": "673f12b0c65bf70007439478",
      "price": "0.15",
      "sequence": "5553315880253441",
      "side": "sell",
      "size": "10.9",
      "symbol": "ASI-USDT",
      "takerOrderId": "673f12b0df6f6e0007846ab6",
      "time": "1732186800436000000",
      "tradeId": "5553315880253441",
      "type": "match",
      "time_before_que.put": "11:00:00.475",
      "seconds_from_release": 0.475192,
      "time_after_queue.get": "11:00:00.475"
    }
  },
  {
    "topic": "/market/match:ASI-USDT",
    "type": "message",
    "subject": "trade.l3match",
    "data": {
      "makerOrderId": "673f12b0c65bf70007439478",
      "price": "0.15",
      "sequence": "5553315882219521",
      "side": "sell",
      "size": "10.9",
      "symbol": "ASI-USDT",
      "takerOrderId": "673f12b06967d3000713d357",
      "time": "1732186800440000000",
      "tradeId": "5553315882219521",
      "type": "match",
      "time_before_que.put": "11:00:00.475",
      "seconds_from_release": 0.475514,
      "time_after_queue.get": "11:00:00.475"
    }
  },
  {
    "topic": "/market/match:ASI-USDT",
    "type": "message",
    "subject": "trade.l3match",
    "data": {
      "makerOrderId": "673f12b0c65bf70007439478",
      "price": "0.15",
      "sequence": "5553315882612737",
      "side": "sell",
      "size": "10.9",
      "symbol": "ASI-USDT",
      "takerOrderId": "673f12b01586c10007aebaaa",
      "time": "1732186800441000000",
      "tradeId": "5553315882612737",
      "type": "match",
      "time_before_que.put": "11:00:00.475",
      "seconds_from_release": 0.475772,
      "time_after_queue.get": "11:00:00.475"
    }
  },
  {
    "topic": "/market/match:ASI-USDT",
    "type": "message",
    "subject": "trade.l3match",
    "data": {
      "makerOrderId": "673f090ef4f120000794b861",
      "price": "0.16",
      "sequence": "5553315888904193",
      "side": "buy",
      "size": "10",
      "symbol": "ASI-USDT",
      "takerOrderId": "673f12b00d855300072ef70e",
      "time": "1732186800457000000",
      "tradeId": "5553315888904193",
      "type": "match",
      "time_before_que.put": "11:00:00.493",
      "seconds_from_release": 0.493896,
      "time_after_queue.get": "11:00:00.493"
    }
  },
  {
    "topic": "/market/match:ASI-USDT",
    "type": "message",
    "subject": "trade.l3match",
    "data": {
      "makerOrderId": "673f090ef4f120000794b861",
      "price": "0.16",
      "sequence": "5553315902797825",
      "side": "buy",
      "size": "10",
      "symbol": "ASI-USDT",
      "takerOrderId": "673f12b0ae93cc0007d8737c",
      "time": "1732186800483000000",
      "tradeId": "5553315902797825",
      "type": "match",
      "time_before_que.put": "11:00:00.521",
      "seconds_from_release": 0.521654,
      "time_after_queue.get": "11:00:00.521"
    }
  },
  {
    "topic": "/market/match:ASI-USDT",
    "type": "message",
    "subject": "trade.l3match",
    "data": {
      "makerOrderId": "673f090ef4f120000794b861",
      "price": "0.16",
      "sequence": "5553315918133249",
      "side": "buy",
      "size": "10",
      "symbol": "ASI-USDT",
      "takerOrderId": "673f12b04fe74600070af567",
      "time": "1732186800508000000",
      "tradeId": "5553315918133249",
      "type": "match",
      "time_before_que.put": "11:00:00.546",
      "seconds_from_release": 0.546378,
      "time_after_queue.get": "11:00:00.546"
    }
  },
  {
    "topic": "/market/match:ASI-USDT",
    "type": "message",
    "subject": "trade.l3match",
    "data": {
      "makerOrderId": "673f090ef4f120000794b861",
      "price": "0.16",
      "sequence": "5553315934910465",
      "side": "buy",
      "size": "10",
      "symbol": "ASI-USDT",
      "takerOrderId": "673f12b0f4f1200007c8e5a6",
      "time": "1732186800553000000",
      "tradeId": "5553315934910465",
      "type": "match",
      "time_before_que.put": "11:00:00.593",
      "seconds_from_release": 0.593256,
      "time_after_queue.get": "11:00:00.593"
    }
  },
  {
    "topic": "/market/match:ASI-USDT",
    "type": "message",
    "subject": "trade.l3match",
    "data": {
      "makerOrderId": "673f090ef4f120000794b861",
      "price": "0.16",
      "sequence": "5553315935041537",
      "side": "buy",
      "size": "10",
      "symbol": "ASI-USDT",
      "takerOrderId": "673f12b04fe74600070af618",
      "time": "1732186800553000000",
      "tradeId": "5553315935041537",
      "type": "match",
      "time_before_que.put": "11:00:00.593",
      "seconds_from_release": 0.593493,
      "time_after_queue.get": "11:00:00.593"
    }
  },
  {
    "topic": "/market/match:ASI-USDT",
    "type": "message",
    "subject": "trade.l3match",
    "data": {
      "makerOrderId": "673f090ef4f120000794b861",
      "price": "0.16",
      "sequence": "5553315937662977",
      "side": "buy",
      "size": "10",
      "symbol": "ASI-USDT",
      "takerOrderId": "673f12b0f15b270007b0f42b",
      "time": "1732186800557000000",
      "tradeId": "5553315937662977",
      "type": "match",
      "time_before_que.put": "11:00:00.593",
      "seconds_from_release": 0.593863,
      "time_after_queue.get": "11:00:00.593"
    }
  },
  {
    "topic": "/market/match:ASI-USDT",
    "type": "message",
    "subject": "trade.l3match",
    "data": {
      "makerOrderId": "673f090ef4f120000794b861",
      "price": "0.16",
      "sequence": "5553315945920513",
      "side": "buy",
      "size": "10",
      "symbol": "ASI-USDT",
      "takerOrderId": "673f12b0c65bf70007439cdc",
      "time": "1732186800574000000",
      "tradeId": "5553315945920513",
      "type": "match",
      "time_before_que.put": "11:00:00.612",
      "seconds_from_release": 0.612811,
      "time_after_queue.get": "11:00:00.613"
    }
  },
  {
    "topic": "/market/match:ASI-USDT",
    "type": "message",
    "subject": "trade.l3match",
    "data": {
      "makerOrderId": "673f090ef4f120000794b861",
      "price": "0.16",
      "sequence": "5553315954964481",
      "side": "buy",
      "size": "10",
      "symbol": "ASI-USDT",
      "takerOrderId": "673f12b0c5ba740007982860",
      "time": "1732186800594000000",
      "tradeId": "5553315954964481",
      "type": "match",
      "time_before_que.put": "11:00:00.631",
      "seconds_from_release": 0.631325,
      "time_after_queue.get": "11:00:00.631"
    }
  },
  {
    "topic": "/market/match:ASI-USDT",
    "type": "message",
    "subject": "trade.l3match",
    "data": {
      "makerOrderId": "673f090ef4f120000794b861",
      "price": "0.16",
      "sequence": "5553315958896641",
      "side": "buy",
      "size": "10",
      "symbol": "ASI-USDT",
      "takerOrderId": "673f12b04fe74600070af6cf",
      "time": "1732186800603000000",
      "tradeId": "5553315958896641",
      "type": "match",
      "time_before_que.put": "11:00:00.637",
      "seconds_from_release": 0.637793,
      "time_after_queue.get": "11:00:00.638"
    }
  },
  {
    "topic": "/market/match:ASI-USDT",
    "type": "message",
    "subject": "trade.l3match",
    "data": {
      "makerOrderId": "673f090ef4f120000794b861",
      "price": "0.16",
      "sequence": "5553315986290689",
      "side": "buy",
      "size": "10",
      "symbol": "ASI-USDT",
      "takerOrderId": "673f12b0f1bf400007a4a84d",
      "time": "1732186800658000000",
      "tradeId": "5553315986290689",
      "type": "match",
      "time_before_que.put": "11:00:00.694",
      "seconds_from_release": 0.69487,
      "time_after_queue.get": "11:00:00.695"
    }
  },
  {
    "topic": "/market/match:ASI-USDT",
    "type": "message",
    "subject": "trade.l3match",
    "data": {
      "makerOrderId": "673f090ef4f120000794b861",
      "price": "0.16",
      "sequence": "5553315991664641",
      "side": "buy",
      "size": "10",
      "symbol": "ASI-USDT",
      "takerOrderId": "673f12b0b7e21a0007746752",
      "time": "1732186800674000000",
      "tradeId": "5553315991664641",
      "type": "match",
      "time_before_que.put": "11:00:00.713",
      "seconds_from_release": 0.713872,
      "time_after_queue.get": "11:00:00.714"
    }
  },
  {
    "topic": "/market/match:ASI-USDT",
    "type": "message",
    "subject": "trade.l3match",
    "data": {
      "makerOrderId": "673f090ef4f120000794b861",
      "price": "0.16",
      "sequence": "5553315992451073",
      "side": "buy",
      "size": "10",
      "symbol": "ASI-USDT",
      "takerOrderId": "673f12b0f4a7c50007aa8c8e",
      "time": "1732186800677000000",
      "tradeId": "5553315992451073",
      "type": "match",
      "time_before_que.put": "11:00:00.714",
      "seconds_from_release": 0.71407,
      "time_after_queue.get": "11:00:00.714"
    }
  },
  {
    "topic": "/market/match:ASI-USDT",
    "type": "message",
    "subject": "trade.l3match",
    "data": {
      "makerOrderId": "673f090ef4f120000794b861",
      "price": "0.16",
      "sequence": "5553316003067905",
      "side": "buy",
      "size": "10",
      "symbol": "ASI-USDT",
      "takerOrderId": "673f12b06967d3000713d6ea",
      "time": "1732186800700000000",
      "tradeId": "5553316003067905",
      "type": "match",
      "time_before_que.put": "11:00:00.735",
      "seconds_from_release": 0.735702,
      "time_after_queue.get": "11:00:00.735"
    }
  },
  {
    "topic": "/market/match:ASI-USDT",
    "type": "message",
    "subject": "trade.l3match",
    "data": {
      "makerOrderId": "673f090ef4f120000794b861",
      "price": "0.16",
      "sequence": "5553316014209025",
      "side": "buy",
      "size": "10",
      "symbol": "ASI-USDT",
      "takerOrderId": "673f12b068486d000799abcd",
      "time": "1732186800729000000",
      "tradeId": "5553316014209025",
      "type": "match",
      "time_before_que.put": "11:00:00.763",
      "seconds_from_release": 0.763952,
      "time_after_queue.get": "11:00:00.764"
    }
  },
  {
    "topic": "/market/match:ASI-USDT",
    "type": "message",
    "subject": "trade.l3match",
    "data": {
      "makerOrderId": "673f090ef4f120000794b861",
      "price": "0.16",
      "sequence": "5553316014471169",
      "side": "buy",
      "size": "10",
      "symbol": "ASI-USDT",
      "takerOrderId": "673f12b067cdc900075bf37e",
      "time": "1732186800729000000",
      "tradeId": "5553316014471169",
      "type": "match",
      "time_before_que.put": "11:00:00.764",
      "seconds_from_release": 0.764074,
      "time_after_queue.get": "11:00:00.764"
    }
  },
  {
    "topic": "/market/match:ASI-USDT",
    "type": "message",
    "subject": "trade.l3match",
    "data": {
      "makerOrderId": "673f090ef4f120000794b861",
      "price": "0.16",
      "sequence": "5553316015519745",
      "side": "buy",
      "size": "10",
      "symbol": "ASI-USDT",
      "takerOrderId": "673f12b0f4a7c50007aa8d1a",
      "time": "1732186800732000000",
      "tradeId": "5553316015519745",
      "type": "match",
      "time_before_que.put": "11:00:00.769",
      "seconds_from_release": 0.769968,
      "time_after_queue.get": "11:00:00.770"
    }
  },
  {
    "topic": "/market/match:ASI-USDT",
    "type": "message",
    "subject": "trade.l3match",
    "data": {
      "makerOrderId": "673f090ef4f120000794b861",
      "price": "0.16",
      "sequence": "5553316018010113",
      "side": "buy",
      "size": "10",
      "symbol": "ASI-USDT",
      "takerOrderId": "673f12b067cdc900075bf398",
      "time": "1732186800742000000",
      "tradeId": "5553316018010113",
      "type": "match",
      "time_before_que.put": "11:00:00.784",
      "seconds_from_release": 0.784033,
      "time_after_queue.get": "11:00:00.784"
    }
  },
  {
    "topic": "/market/match:ASI-USDT",
    "type": "message",
    "subject": "trade.l3match",
    "data": {
      "makerOrderId": "673f090ef4f120000794b861",
      "price": "0.16",
      "sequence": "5553316024956929",
      "side": "buy",
      "size": "10",
      "symbol": "ASI-USDT",
      "takerOrderId": "673f12b04fe74600070af8bc",
      "time": "1732186800764000000",
      "tradeId": "5553316024956929",
      "type": "match",
      "time_before_que.put": "11:00:00.803",
      "seconds_from_release": 0.80356,
      "time_after_queue.get": "11:00:00.803"
    }
  },
  {
    "topic": "/market/match:ASI-USDT",
    "type": "message",
    "subject": "trade.l3match",
    "data": {
      "makerOrderId": "673f090ef4f120000794b861",
      "price": "0.16",
      "sequence": "5553316042520577",
      "side": "buy",
      "size": "10",
      "symbol": "ASI-USDT",
      "takerOrderId": "673f12b0c65bf70007439fe9",
      "time": "1732186800816000000",
      "tradeId": "5553316042520577",
      "type": "match",
      "time_before_que.put": "11:00:00.855",
      "seconds_from_release": 0.855693,
      "time_after_queue.get": "11:00:00.855"
    }
  },
  {
    "topic": "/market/match:ASI-USDT",
    "type": "message",
    "subject": "trade.l3match",
    "data": {
      "makerOrderId": "673f090ef4f120000794b861",
      "price": "0.16",
      "sequence": "5553316043700225",
      "side": "buy",
      "size": "10",
      "symbol": "ASI-USDT",
      "takerOrderId": "673f12b0df6f6e0007847006",
      "time": "1732186800819000000",
      "tradeId": "5553316043700225",
      "type": "match",
      "time_before_que.put": "11:00:00.855",
      "seconds_from_release": 0.855856,
      "time_after_queue.get": "11:00:00.855"
    }
  },
  {
    "topic": "/market/match:ASI-USDT",
    "type": "message",
    "subject": "trade.l3match",
    "data": {
      "makerOrderId": "673f090ef4f120000794b861",
      "price": "0.16",
      "sequence": "5553316048025601",
      "side": "buy",
      "size": "10",
      "symbol": "ASI-USDT",
      "takerOrderId": "673f12b0c5ba740007982b13",
      "time": "1732186800833000000",
      "tradeId": "5553316048025601",
      "type": "match",
      "time_before_que.put": "11:00:00.870",
      "seconds_from_release": 0.870966,
      "time_after_queue.get": "11:00:00.871"
    }
  },
  {
    "topic": "/market/match:ASI-USDT",
    "type": "message",
    "subject": "trade.l3match",
    "data": {
      "makerOrderId": "673f090ef4f120000794b861",
      "price": "0.16",
      "sequence": "5553316052613121",
      "side": "buy",
      "size": "10",
      "symbol": "ASI-USDT",
      "takerOrderId": "673f12b0f4f1200007c8e924",
      "time": "1732186800841000000",
      "tradeId": "5553316052613121",
      "type": "match",
      "time_before_que.put": "11:00:00.877",
      "seconds_from_release": 0.877926,
      "time_after_queue.get": "11:00:00.878"
    }
  },
  {
    "topic": "/market/match:ASI-USDT",
    "type": "message",
    "subject": "trade.l3match",
    "data": {
      "makerOrderId": "673f090ef4f120000794b861",
      "price": "0.16",
      "sequence": "5553316056545281",
      "side": "buy",
      "size": "10",
      "symbol": "ASI-USDT",
      "takerOrderId": "673f12b0c5ba740007982b65",
      "time": "1732186800860000000",
      "tradeId": "5553316056545281",
      "type": "match",
      "time_before_que.put": "11:00:00.894",
      "seconds_from_release": 0.89468,
      "time_after_queue.get": "11:00:00.894"
    }
  },
  {
    "topic": "/market/match:ASI-USDT",
    "type": "message",
    "subject": "trade.l3match",
    "data": {
      "makerOrderId": "673f090ef4f120000794b861",
      "price": "0.16",
      "sequence": "5553316061263873",
      "side": "buy",
      "size": "10",
      "symbol": "ASI-USDT",
      "takerOrderId": "673f12b0c65bf7000743a063",
      "time": "1732186800873000000",
      "tradeId": "5553316061263873",
      "type": "match",
      "time_before_que.put": "11:00:00.908",
      "seconds_from_release": 0.908694,
      "time_after_queue.get": "11:00:00.909"
    }
  },
  {
    "topic": "/market/match:ASI-USDT",
    "type": "message",
    "subject": "trade.l3match",
    "data": {
      "makerOrderId": "673f090ef4f120000794b861",
      "price": "0.16",
      "sequence": "5553316082235393",
      "side": "buy",
      "size": "10",
      "symbol": "ASI-USDT",
      "takerOrderId": "673f12b068486d000799ad8c",
      "time": "1732186800878000000",
      "tradeId": "5553316082235393",
      "type": "match",
      "time_before_que.put": "11:00:00.920",
      "seconds_from_release": 0.920618,
      "time_after_queue.get": "11:00:00.920"
    }
  },
  {
    "topic": "/market/match:ASI-USDT",
    "type": "message",
    "subject": "trade.l3match",
    "data": {
      "makerOrderId": "673f090ef4f120000794b861",
      "price": "0.16",
      "sequence": "5553316093507585",
      "side": "buy",
      "size": "10",
      "symbol": "ASI-USDT",
      "takerOrderId": "673f12b067cdc900075bf580",
      "time": "1732186800911000000",
      "tradeId": "5553316093507585",
      "type": "match",
      "time_before_que.put": "11:00:00.949",
      "seconds_from_release": 0.949784,
      "time_after_queue.get": "11:00:00.949"
    }
  },
  {
    "topic": "/market/match:ASI-USDT",
    "type": "message",
    "subject": "trade.l3match",
    "data": {
      "makerOrderId": "673f090ef4f120000794b861",
      "price": "0.16",
      "sequence": "5553316105172993",
      "side": "buy",
      "size": "10",
      "symbol": "ASI-USDT",
      "takerOrderId": "673f12b0f4f1200007c8ea2f",
      "time": "1732186800950000000",
      "tradeId": "5553316105172993",
      "type": "match",
      "time_before_que.put": "11:00:00.985",
      "seconds_from_release": 0.98558,
      "time_after_queue.get": "11:00:00.986"
    }
  },
  {
    "topic": "/market/match:ASI-USDT",
    "type": "message",
    "subject": "trade.l3match",
    "data": {
      "makerOrderId": "673f090ef4f120000794b861",
      "price": "0.16",
      "sequence": "5553316112644097",
      "side": "buy",
      "size": "10",
      "symbol": "ASI-USDT",
      "takerOrderId": "673f12b0c65bf7000743a131",
      "time": "1732186800971000000",
      "tradeId": "5553316112644097",
      "type": "match",
      "time_before_que.put": "11:00:01.010",
      "seconds_from_release": 1.010447,
      "time_after_queue.get": "11:00:01.010"
    }
  },
  {
    "topic": "/market/match:ASI-USDT",
    "type": "message",
    "subject": "trade.l3match",
    "data": {
      "makerOrderId": "673f090ef4f120000794b861",
      "price": "0.16",
      "sequence": "5553316112775169",
      "side": "buy",
      "size": "10",
      "symbol": "ASI-USDT",
      "takerOrderId": "673f12b0f4f1200007c8ea6b",
      "time": "1732186800971000000",
      "tradeId": "5553316112775169",
      "type": "match",
      "time_before_que.put": "11:00:01.010",
      "seconds_from_release": 1.010938,
      "time_after_queue.get": "11:00:01.011"
    }
  },
  {
    "topic": "/market/match:ASI-USDT",
    "type": "message",
    "subject": "trade.l3match",
    "data": {
      "makerOrderId": "673f090ef4f120000794b861",
      "price": "0.16",
      "sequence": "5553316112906241",
      "side": "buy",
      "size": "10",
      "symbol": "ASI-USDT",
      "takerOrderId": "673f12b0b7e21a0007746a66",
      "time": "1732186800971000000",
      "tradeId": "5553316112906241",
      "type": "match",
      "time_before_que.put": "11:00:01.011",
      "seconds_from_release": 1.011225,
      "time_after_queue.get": "11:00:01.011"
    }
  },
  {
    "topic": "/market/match:ASI-USDT",
    "type": "message",
    "subject": "trade.l3match",
    "data": {
      "makerOrderId": "673f090ef4f120000794b861",
      "price": "0.16",
      "sequence": "5553316113168385",
      "side": "buy",
      "size": "10",
      "symbol": "ASI-USDT",
      "takerOrderId": "673f12b0f15b270007b0f909",
      "time": "1732186800972000000",
      "tradeId": "5553316113168385",
      "type": "match",
      "time_before_que.put": "11:00:01.011",
      "seconds_from_release": 1.011369,
      "time_after_queue.get": "11:00:01.011"
    }
  },
  {
    "topic": "/market/match:ASI-USDT",
    "type": "message",
    "subject": "trade.l3match",
    "data": {
      "makerOrderId": "673f090ef4f120000794b861",
      "price": "0.16",
      "sequence": "5553316134139905",
      "side": "buy",
      "size": "10",
      "symbol": "ASI-USDT",
      "takerOrderId": "673f12b1088f010007b87b28",
      "time": "1732186801024000000",
      "tradeId": "5553316134139905",
      "type": "match",
      "time_before_que.put": "11:00:01.062",
      "seconds_from_release": 1.06295,
      "time_after_queue.get": "11:00:01.063"
    }
  },
  {
    "topic": "/market/match:ASI-USDT",
    "type": "message",
    "subject": "trade.l3match",
    "data": {
      "makerOrderId": "673f090ef4f120000794b861",
      "price": "0.16",
      "sequence": "5553316139251713",
      "side": "buy",
      "size": "10",
      "symbol": "ASI-USDT",
      "takerOrderId": "673f12b1c65bf7000743a1ca",
      "time": "1732186801043000000",
      "tradeId": "5553316139251713",
      "type": "match",
      "time_before_que.put": "11:00:01.076",
      "seconds_from_release": 1.076135,
      "time_after_queue.get": "11:00:01.076"
    }
  },
  {
    "topic": "/market/match:ASI-USDT",
    "type": "message",
    "subject": "trade.l3match",
    "data": {
      "makerOrderId": "673f090ef4f120000794b861",
      "price": "0.16",
      "sequence": "5553316155635715",
      "side": "buy",
      "size": "10",
      "symbol": "ASI-USDT",
      "takerOrderId": "673f12b1c65bf7000743a274",
      "time": "1732186801100000000",
      "tradeId": "5553316155635715",
      "type": "match",
      "time_before_que.put": "11:00:01.134",
      "seconds_from_release": 1.134359,
      "time_after_queue.get": "11:00:01.134"
    }
  },
  {
    "topic": "/market/match:ASI-USDT",
    "type": "message",
    "subject": "trade.l3match",
    "data": {
      "makerOrderId": "673f090ef4f120000794b861",
      "price": "0.16",
      "sequence": "5553316159961089",
      "side": "buy",
      "size": "10",
      "symbol": "ASI-USDT",
      "takerOrderId": "673f12b168486d000799b000",
      "time": "1732186801114000000",
      "tradeId": "5553316159961089",
      "type": "match",
      "time_before_que.put": "11:00:01.148",
      "seconds_from_release": 1.148904,
      "time_after_queue.get": "11:00:01.149"
    }
  },
  {
    "topic": "/market/match:ASI-USDT",
    "type": "message",
    "subject": "trade.l3match",
    "data": {
      "makerOrderId": "673f090ef4f120000794b861",
      "price": "0.16",
      "sequence": "5553316187617281",
      "side": "buy",
      "size": "10",
      "symbol": "ASI-USDT",
      "takerOrderId": "673f12b1f4f1200007c8ecb0",
      "time": "1732186801198000000",
      "tradeId": "5553316187617281",
      "type": "match",
      "time_before_que.put": "11:00:01.233",
      "seconds_from_release": 1.233549,
      "time_after_queue.get": "11:00:01.233"
    }
  },
  {
    "topic": "/market/match:ASI-USDT",
    "type": "message",
    "subject": "trade.l3match",
    "data": {
      "makerOrderId": "673f090ef4f120000794b861",
      "price": "0.16",
      "sequence": "5553316196923393",
      "side": "buy",
      "size": "86.5",
      "symbol": "ASI-USDT",
      "takerOrderId": "673f12b1b7e21a0007746cbd",
      "time": "1732186801239000000",
      "tradeId": "5553316196923393",
      "type": "match",
      "time_before_que.put": "11:00:01.277",
      "seconds_from_release": 1.277199,
      "time_after_queue.get": "11:00:01.277"
    }
  },
  {
    "topic": "/market/match:ASI-USDT",
    "type": "message",
    "subject": "trade.l3match",
    "data": {
      "makerOrderId": "673f090ef4f120000794b861",
      "price": "0.16",
      "sequence": "5553316197447681",
      "side": "buy",
      "size": "10",
      "symbol": "ASI-USDT",
      "takerOrderId": "673f12b1f4a7c50007aa921e",
      "time": "1732186801242000000",
      "tradeId": "5553316197447681",
      "type": "match",
      "time_before_que.put": "11:00:01.277",
      "seconds_from_release": 1.277381,
      "time_after_queue.get": "11:00:01.277"
    }
  },
  {
    "topic": "/market/match:ASI-USDT",
    "type": "message",
    "subject": "trade.l3match",
    "data": {
      "makerOrderId": "673f090ef4f120000794b861",
      "price": "0.16",
      "sequence": "5553316211210241",
      "side": "buy",
      "size": "10",
      "symbol": "ASI-USDT",
      "takerOrderId": "673f12b1ae93cc0007d87c27",
      "time": "1732186801285000000",
      "tradeId": "5553316211210241",
      "type": "match",
      "time_before_que.put": "11:00:01.320",
      "seconds_from_release": 1.320626,
      "time_after_queue.get": "11:00:01.321"
    }
  },
  {
    "topic": "/market/match:ASI-USDT",
    "type": "message",
    "subject": "trade.l3match",
    "data": {
      "makerOrderId": "673f090ef4f120000794b861",
      "price": "0.16",
      "sequence": "5553316222744577",
      "side": "buy",
      "size": "10",
      "symbol": "ASI-USDT",
      "takerOrderId": "673f12b1b7e21a0007746d54",
      "time": "1732186801309000000",
      "tradeId": "5553316222744577",
      "type": "match",
      "time_before_que.put": "11:00:01.348",
      "seconds_from_release": 1.348102,
      "time_after_queue.get": "11:00:01.348"
    }
  },
  {
    "topic": "/market/match:ASI-USDT",
    "type": "message",
    "subject": "trade.l3match",
    "data": {
      "makerOrderId": "673f090ef4f120000794b861",
      "price": "0.16",
      "sequence": "5553316223268865",
      "side": "buy",
      "size": "10",
      "symbol": "ASI-USDT",
      "takerOrderId": "673f12b1df6f6e0007847454",
      "time": "1732186801311000000",
      "tradeId": "5553316223268865",
      "type": "match",
      "time_before_que.put": "11:00:01.348",
      "seconds_from_release": 1.348391,
      "time_after_queue.get": "11:00:01.348"
    }
  },
  {
    "topic": "/market/match:ASI-USDT",
    "type": "message",
    "subject": "trade.l3match",
    "data": {
      "makerOrderId": "673f090ef4f120000794b861",
      "price": "0.16",
      "sequence": "5553316235589633",
      "side": "buy",
      "size": "10",
      "symbol": "ASI-USDT",
      "takerOrderId": "673f12b1f4a7c50007aa92e1",
      "time": "1732186801354000000",
      "tradeId": "5553316235589633",
      "type": "match",
      "time_before_que.put": "11:00:01.392",
      "seconds_from_release": 1.392086,
      "time_after_queue.get": "11:00:01.392"
    }
  },
  {
    "topic": "/market/match:ASI-USDT",
    "type": "message",
    "subject": "trade.l3match",
    "data": {
      "makerOrderId": "673f090ef4f120000794b861",
      "price": "0.16",
      "sequence": "5553316235720705",
      "side": "buy",
      "size": "10",
      "symbol": "ASI-USDT",
      "takerOrderId": "673f12b14fe74600070afe51",
      "time": "1732186801354000000",
      "tradeId": "5553316235720705",
      "type": "match",
      "time_before_que.put": "11:00:01.392",
      "seconds_from_release": 1.39241,
      "time_after_queue.get": "11:00:01.392"
    }
  },
  {
    "topic": "/market/match:ASI-USDT",
    "type": "message",
    "subject": "trade.l3match",
    "data": {
      "makerOrderId": "673f090ef4f120000794b861",
      "price": "0.16",
      "sequence": "5553316237162497",
      "side": "buy",
      "size": "10",
      "symbol": "ASI-USDT",
      "takerOrderId": "673f12b1c65bf7000743a467",
      "time": "1732186801360000000",
      "tradeId": "5553316237162497",
      "type": "match",
      "time_before_que.put": "11:00:01.398",
      "seconds_from_release": 1.398681,
      "time_after_queue.get": "11:00:01.398"
    }
  },
  {
    "topic": "/market/match:ASI-USDT",
    "type": "message",
    "subject": "trade.l3match",
    "data": {
      "makerOrderId": "673f090ef4f120000794b861",
      "price": "0.16",
      "sequence": "5553316253808641",
      "side": "buy",
      "size": "10",
      "symbol": "ASI-USDT",
      "takerOrderId": "673f12b14fe74600070afecc",
      "time": "1732186801417000000",
      "tradeId": "5553316253808641",
      "type": "match",
      "time_before_que.put": "11:00:01.455",
      "seconds_from_release": 1.455196,
      "time_after_queue.get": "11:00:01.455"
    }
  },
  {
    "topic": "/market/match:ASI-USDT",
    "type": "message",
    "subject": "trade.l3match",
    "data": {
      "makerOrderId": "673f090ef4f120000794b861",
      "price": "0.16",
      "sequence": "5553316261410817",
      "side": "buy",
      "size": "10",
      "symbol": "ASI-USDT",
      "takerOrderId": "673f12b11586c10007aec58e",
      "time": "1732186801453000000",
      "tradeId": "5553316261410817",
      "type": "match",
      "time_before_que.put": "11:00:01.491",
      "seconds_from_release": 1.491788,
      "time_after_queue.get": "11:00:01.491"
    }
  },
  {
    "topic": "/market/match:ASI-USDT",
    "type": "message",
    "subject": "trade.l3match",
    "data": {
      "makerOrderId": "673f090ef4f120000794b861",
      "price": "0.16",
      "sequence": "5553316268357633",
      "side": "buy",
      "size": "10",
      "symbol": "ASI-USDT",
      "takerOrderId": "673f12b1f4a7c50007aa9392",
      "time": "1732186801481000000",
      "tradeId": "5553316268357633",
      "type": "match",
      "time_before_que.put": "11:00:01.519",
      "seconds_from_release": 1.519639,
      "time_after_queue.get": "11:00:01.520"
    }
  },
  {
    "topic": "/market/match:ASI-USDT",
    "type": "message",
    "subject": "trade.l3match",
    "data": {
      "makerOrderId": "673f090ef4f120000794b861",
      "price": "0.16",
      "sequence": "5553316281989121",
      "side": "buy",
      "size": "10",
      "symbol": "ASI-USDT",
      "takerOrderId": "673f12b1ae93cc0007d87d94",
      "time": "1732186801531000000",
      "tradeId": "5553316281989121",
      "type": "match",
      "time_before_que.put": "11:00:01.569",
      "seconds_from_release": 1.569819,
      "time_after_queue.get": "11:00:01.570"
    }
  },
  {
    "topic": "/market/match:ASI-USDT",
    "type": "message",
    "subject": "trade.l3match",
    "data": {
      "makerOrderId": "673f090ef4f120000794b861",
      "price": "0.16",
      "sequence": "5553316287363073",
      "side": "buy",
      "size": "10",
      "symbol": "ASI-USDT",
      "takerOrderId": "673f12b168486d000799b2dc",
      "time": "1732186801552000000",
      "tradeId": "5553316287363073",
      "type": "match",
      "time_before_que.put": "11:00:01.592",
      "seconds_from_release": 1.592351,
      "time_after_queue.get": "11:00:01.592"
    }
  },
  {
    "topic": "/market/match:ASI-USDT",
    "type": "message",
    "subject": "trade.l3match",
    "data": {
      "makerOrderId": "673f090ef4f120000794b861",
      "price": "0.16",
      "sequence": "5553316287887361",
      "side": "buy",
      "size": "86.5",
      "symbol": "ASI-USDT",
      "takerOrderId": "673f12b167cdc900075bfa5b",
      "time": "1732186801554000000",
      "tradeId": "5553316287887361",
      "type": "match",
      "time_before_que.put": "11:00:01.592",
      "seconds_from_release": 1.592574,
      "time_after_queue.get": "11:00:01.592"
    }
  },
  {
    "topic": "/market/match:ASI-USDT",
    "type": "message",
    "subject": "trade.l3match",
    "data": {
      "makerOrderId": "673f090ef4f120000794b861",
      "price": "0.16",
      "sequence": "5553316292474881",
      "side": "buy",
      "size": "10",
      "symbol": "ASI-USDT",
      "takerOrderId": "673f12b167cdc900075bfa85",
      "time": "1732186801575000000",
      "tradeId": "5553316292474881",
      "type": "match",
      "time_before_que.put": "11:00:01.613",
      "seconds_from_release": 1.613243,
      "time_after_queue.get": "11:00:01.613"
    }
  },
  {
    "topic": "/market/match:ASI-USDT",
    "type": "message",
    "subject": "trade.l3match",
    "data": {
      "makerOrderId": "673f090ef4f120000794b861",
      "price": "0.16",
      "sequence": "5553316292605953",
      "side": "buy",
      "size": "10",
      "symbol": "ASI-USDT",
      "takerOrderId": "673f12b1b7e21a0007746ec2",
      "time": "1732186801575000000",
      "tradeId": "5553316292605953",
      "type": "match",
      "time_before_que.put": "11:00:01.613",
      "seconds_from_release": 1.613433,
      "time_after_queue.get": "11:00:01.613"
    }
  },
  {
    "topic": "/market/match:ASI-USDT",
    "type": "message",
    "subject": "trade.l3match",
    "data": {
      "makerOrderId": "673f090ef4f120000794b861",
      "price": "0.16",
      "sequence": "5553316297848833",
      "side": "buy",
      "size": "10",
      "symbol": "ASI-USDT",
      "takerOrderId": "673f12b1f4a7c50007aa9432",
      "time": "1732186801594000000",
      "tradeId": "5553316297848833",
      "type": "match",
      "time_before_que.put": "11:00:01.636",
      "seconds_from_release": 1.636392,
      "time_after_queue.get": "11:00:01.636"
    }
  },
  {
    "topic": "/market/match:ASI-USDT",
    "type": "message",
    "subject": "trade.l3match",
    "data": {
      "makerOrderId": "673f090ef4f120000794b861",
      "price": "0.16",
      "sequence": "5553316300601345",
      "side": "buy",
      "size": "10",
      "symbol": "ASI-USDT",
      "takerOrderId": "673f12b1c65bf7000743a5d7",
      "time": "1732186801604000000",
      "tradeId": "5553316300601345",
      "type": "match",
      "time_before_que.put": "11:00:01.639",
      "seconds_from_release": 1.639619,
      "time_after_queue.get": "11:00:01.639"
    }
  },
  {
    "topic": "/market/match:ASI-USDT",
    "type": "message",
    "subject": "trade.l3match",
    "data": {
      "makerOrderId": "673f090ef4f120000794b861",
      "price": "0.16",
      "sequence": "5553316303222785",
      "side": "buy",
      "size": "10",
      "symbol": "ASI-USDT",
      "takerOrderId": "673f12b1ae93cc0007d87e0c",
      "time": "1732186801616000000",
      "tradeId": "5553316303222785",
      "type": "match",
      "time_before_que.put": "11:00:01.654",
      "seconds_from_release": 1.654338,
      "time_after_queue.get": "11:00:01.654"
    }
  },
  {
    "topic": "/market/match:ASI-USDT",
    "type": "message",
    "subject": "trade.l3match",
    "data": {
      "makerOrderId": "673f090ef4f120000794b861",
      "price": "0.16",
      "sequence": "5553316310562817",
      "side": "buy",
      "size": "10",
      "symbol": "ASI-USDT",
      "takerOrderId": "673f12b1f4f1200007c8ef40",
      "time": "1732186801647000000",
      "tradeId": "5553316310562817",
      "type": "match",
      "time_before_que.put": "11:00:01.688",
      "seconds_from_release": 1.688651,
      "time_after_queue.get": "11:00:01.689"
    }
  },
  {
    "topic": "/market/match:ASI-USDT",
    "type": "message",
    "subject": "trade.l3match",
    "data": {
      "makerOrderId": "673f090ef4f120000794b861",
      "price": "0.16",
      "sequence": "5553316312922113",
      "side": "buy",
      "size": "61.8",
      "symbol": "ASI-USDT",
      "takerOrderId": "673f12b1c5ba740007983167",
      "time": "1732186801664000000",
      "tradeId": "5553316312922113",
      "type": "match",
      "time_before_que.put": "11:00:01.703",
      "seconds_from_release": 1.703462,
      "time_after_queue.get": "11:00:01.703"
    }
  },
  {
    "topic": "/market/match:ASI-USDT",
    "type": "message",
    "subject": "trade.l3match",
    "data": {
      "makerOrderId": "673f090ef4f120000794b861",
      "price": "0.16",
      "sequence": "5553316314888193",
      "side": "buy",
      "size": "10",
      "symbol": "ASI-USDT",
      "takerOrderId": "673f12b1c5ba74000798316b",
      "time": "1732186801674000000",
      "tradeId": "5553316314888193",
      "type": "match",
      "time_before_que.put": "11:00:01.713",
      "seconds_from_release": 1.713501,
      "time_after_queue.get": "11:00:01.713"
    }
  },
  {
    "topic": "/market/match:ASI-USDT",
    "type": "message",
    "subject": "trade.l3match",
    "data": {
      "makerOrderId": "673f090ef4f120000794b861",
      "price": "0.16",
      "sequence": "5553316315150337",
      "side": "buy",
      "size": "10",
      "symbol": "ASI-USDT",
      "takerOrderId": "673f12b16967d3000713de8d",
      "time": "1732186801676000000",
      "tradeId": "5553316315150337",
      "type": "match",
      "time_before_que.put": "11:00:01.713",
      "seconds_from_release": 1.713831,
      "time_after_queue.get": "11:00:01.714"
    }
  },
  {
    "topic": "/market/match:ASI-USDT",
    "type": "message",
    "subject": "trade.l3match",
    "data": {
      "makerOrderId": "673f090ef4f120000794b861",
      "price": "0.16",
      "sequence": "5553316316329985",
      "side": "buy",
      "size": "10",
      "symbol": "ASI-USDT",
      "takerOrderId": "673f12b10d855300072f0261",
      "time": "1732186801682000000",
      "tradeId": "5553316316329985",
      "type": "match",
      "time_before_que.put": "11:00:01.721",
      "seconds_from_release": 1.721656,
      "time_after_queue.get": "11:00:01.722"
    }
  },
  {
    "topic": "/market/match:ASI-USDT",
    "type": "message",
    "subject": "trade.l3match",
    "data": {
      "makerOrderId": "673f090ef4f120000794b861",
      "price": "0.16",
      "sequence": "5553316318820353",
      "side": "buy",
      "size": "10",
      "symbol": "ASI-USDT",
      "takerOrderId": "673f12b1088f010007b87fc1",
      "time": "1732186801690000000",
      "tradeId": "5553316318820353",
      "type": "match",
      "time_before_que.put": "11:00:01.734",
      "seconds_from_release": 1.734797,
      "time_after_queue.get": "11:00:01.735"
    }
  },
  {
    "topic": "/market/match:ASI-USDT",
    "type": "message",
    "subject": "trade.l3match",
    "data": {
      "makerOrderId": "673f090ef4f120000794b861",
      "price": "0.16",
      "sequence": "5553316332976129",
      "side": "buy",
      "size": "10",
      "symbol": "ASI-USDT",
      "takerOrderId": "673f12b16967d3000713dee3",
      "time": "1732186801738000000",
      "tradeId": "5553316332976129",
      "type": "match",
      "time_before_que.put": "11:00:01.773",
      "seconds_from_release": 1.773254,
      "time_after_queue.get": "11:00:01.773"
    }
  },
  {
    "topic": "/market/match:ASI-USDT",
    "type": "message",
    "subject": "trade.l3match",
    "data": {
      "makerOrderId": "673f090ef4f120000794b861",
      "price": "0.16",
      "sequence": "5553316335859713",
      "side": "buy",
      "size": "10",
      "symbol": "ASI-USDT",
      "takerOrderId": "673f12b1f1bf400007a4b0f9",
      "time": "1732186801751000000",
      "tradeId": "5553316335859713",
      "type": "match",
      "time_before_que.put": "11:00:01.791",
      "seconds_from_release": 1.791709,
      "time_after_queue.get": "11:00:01.791"
    }
  },
  {
    "topic": "/market/match:ASI-USDT",
    "type": "message",
    "subject": "trade.l3match",
    "data": {
      "makerOrderId": "673f090ef4f120000794b861",
      "price": "0.16",
      "sequence": "5553316342675457",
      "side": "buy",
      "size": "10",
      "symbol": "ASI-USDT",
      "takerOrderId": "673f12b1088f010007b88026",
      "time": "1732186801776000000",
      "tradeId": "5553316342675457",
      "type": "match",
      "time_before_que.put": "11:00:01.816",
      "seconds_from_release": 1.816386,
      "time_after_queue.get": "11:00:01.816"
    }
  },
  {
    "topic": "/market/match:ASI-USDT",
    "type": "message",
    "subject": "trade.l3match",
    "data": {
      "makerOrderId": "673f090ef4f120000794b861",
      "price": "0.16",
      "sequence": "5553316352768001",
      "side": "buy",
      "size": "10",
      "symbol": "ASI-USDT",
      "takerOrderId": "673f12b1f4a7c50007aa954a",
      "time": "1732186801816000000",
      "tradeId": "5553316352768001",
      "type": "match",
      "time_before_que.put": "11:00:01.851",
      "seconds_from_release": 1.851819,
      "time_after_queue.get": "11:00:01.851"
    }
  },
  {
    "topic": "/market/match:ASI-USDT",
    "type": "message",
    "subject": "trade.l3match",
    "data": {
      "makerOrderId": "673f12b1cf286a00074f33b8",
      "price": "0.15003",
      "sequence": "5553316353161217",
      "side": "sell",
      "size": "146.1",
      "symbol": "ASI-USDT",
      "takerOrderId": "673f12b1c5ba740007983211",
      "time": "1732186801817000000",
      "tradeId": "5553316353161217",
      "type": "match",
      "time_before_que.put": "11:00:01.852",
      "seconds_from_release": 1.85205,
      "time_after_queue.get": "11:00:01.852"
    }
  },
  {
    "topic": "/market/match:ASI-USDT",
    "type": "message",
    "subject": "trade.l3match",
    "data": {
      "makerOrderId": "673f12b031d09500073b7b03",
      "price": "0.15001",
      "sequence": "5553316353161220",
      "side": "sell",
      "size": "401.8",
      "symbol": "ASI-USDT",
      "takerOrderId": "673f12b1c5ba740007983211",
      "time": "1732186801817000000",
      "tradeId": "5553316353161220",
      "type": "match",
      "time_before_que.put": "11:00:01.852",
      "seconds_from_release": 1.852174,
      "time_after_queue.get": "11:00:01.852"
    }
  },
  {
    "topic": "/market/match:ASI-USDT",
    "type": "message",
    "subject": "trade.l3match",
    "data": {
      "makerOrderId": "673f090ef4f120000794b861",
      "price": "0.16",
      "sequence": "5553316354603009",
      "side": "buy",
      "size": "10",
      "symbol": "ASI-USDT",
      "takerOrderId": "673f12b1f4f1200007c8f007",
      "time": "1732186801821000000",
      "tradeId": "5553316354603009",
      "type": "match",
      "time_before_que.put": "11:00:01.879",
      "seconds_from_release": 1.879848,
      "time_after_queue.get": "11:00:01.880"
    }
  },
  {
    "topic": "/market/match:ASI-USDT",
    "type": "message",
    "subject": "trade.l3match",
    "data": {
      "makerOrderId": "673f090ef4f120000794b861",
      "price": "0.16",
      "sequence": "5553316364826625",
      "side": "buy",
      "size": "10",
      "symbol": "ASI-USDT",
      "takerOrderId": "673f12b137061e0007543ef2",
      "time": "1732186801858000000",
      "tradeId": "5553316364826625",
      "type": "match",
      "time_before_que.put": "11:00:01.902",
      "seconds_from_release": 1.902214,
      "time_after_queue.get": "11:00:01.902"
    }
  },
  {
    "topic": "/market/match:ASI-USDT",
    "type": "message",
    "subject": "trade.l3match",
    "data": {
      "makerOrderId": "673f090ef4f120000794b861",
      "price": "0.16",
      "sequence": "5553316365088769",
      "side": "buy",
      "size": "10",
      "symbol": "ASI-USDT",
      "takerOrderId": "673f12b1f15b270007b0fef9",
      "time": "1732186801858000000",
      "tradeId": "5553316365088769",
      "type": "match",
      "time_before_que.put": "11:00:01.902",
      "seconds_from_release": 1.902342,
      "time_after_queue.get": "11:00:01.902"
    }
  },
  {
    "topic": "/market/match:ASI-USDT",
    "type": "message",
    "subject": "trade.l3match",
    "data": {
      "makerOrderId": "673f090ef4f120000794b861",
      "price": "0.16",
      "sequence": "5553316367185921",
      "side": "buy",
      "size": "10",
      "symbol": "ASI-USDT",
      "takerOrderId": "673f12b1c5ba740007983263",
      "time": "1732186801866000000",
      "tradeId": "5553316367185921",
      "type": "match",
      "time_before_que.put": "11:00:01.907",
      "seconds_from_release": 1.907773,
      "time_after_queue.get": "11:00:01.908"
    }
  },
  {
    "topic": "/market/match:ASI-USDT",
    "type": "message",
    "subject": "trade.l3match",
    "data": {
      "makerOrderId": "673f090ef4f120000794b861",
      "price": "0.16",
      "sequence": "5553316392876033",
      "side": "buy",
      "size": "10",
      "symbol": "ASI-USDT",
      "takerOrderId": "673f12b16967d3000713dfb5",
      "time": "1732186801899000000",
      "tradeId": "5553316392876033",
      "type": "match",
      "time_before_que.put": "11:00:01.935",
      "seconds_from_release": 1.935396,
      "time_after_queue.get": "11:00:01.935"
    }
  },
  {
    "topic": "/market/match:ASI-USDT",
    "type": "message",
    "subject": "trade.l3match",
    "data": {
      "makerOrderId": "673f090ef4f120000794b861",
      "price": "0.16",
      "sequence": "5553316394186753",
      "side": "buy",
      "size": "10",
      "symbol": "ASI-USDT",
      "takerOrderId": "673f12b1c5ba7400079832ad",
      "time": "1732186801908000000",
      "tradeId": "5553316394186753",
      "type": "match",
      "time_before_que.put": "11:00:01.948",
      "seconds_from_release": 1.948998,
      "time_after_queue.get": "11:00:01.949"
    }
  },
  {
    "topic": "/market/match:ASI-USDT",
    "type": "message",
    "subject": "trade.l3match",
    "data": {
      "makerOrderId": "673f090ef4f120000794b861",
      "price": "0.16",
      "sequence": "5553316395890689",
      "side": "buy",
      "size": "10",
      "symbol": "ASI-USDT",
      "takerOrderId": "673f12b1f15b270007b0ff5c",
      "time": "1732186801920000000",
      "tradeId": "5553316395890689",
      "type": "match",
      "time_before_que.put": "11:00:02.064",
      "seconds_from_release": 2.064576,
      "time_after_queue.get": "11:00:02.064"
    }
  },
  {
    "topic": "/market/match:ASI-USDT",
    "type": "message",
    "subject": "trade.l3match",
    "data": {
      "makerOrderId": "673f090ef4f120000794b861",
      "price": "0.16",
      "sequence": "5553316396546049",
      "side": "buy",
      "size": "10",
      "symbol": "ASI-USDT",
      "takerOrderId": "673f12b168486d000799b4b1",
      "time": "1732186801921000000",
      "tradeId": "5553316396546049",
      "type": "match",
      "time_before_que.put": "11:00:02.064",
      "seconds_from_release": 2.064705,
      "time_after_queue.get": "11:00:02.064"
    }
  },
  {
    "topic": "/market/match:ASI-USDT",
    "type": "message",
    "subject": "trade.l3match",
    "data": {
      "makerOrderId": "673f090ef4f120000794b861",
      "price": "0.16",
      "sequence": "5553316398512129",
      "side": "buy",
      "size": "60",
      "symbol": "ASI-USDT",
      "takerOrderId": "673f12b1df6f6e0007847793",
      "time": "1732186801930000000",
      "tradeId": "5553316398512129",
      "type": "match",
      "time_before_que.put": "11:00:02.064",
      "seconds_from_release": 2.064827,
      "time_after_queue.get": "11:00:02.065"
    }
  },
  {
    "topic": "/market/match:ASI-USDT",
    "type": "message",
    "subject": "trade.l3match",
    "data": {
      "makerOrderId": "673f090ef4f120000794b861",
      "price": "0.16",
      "sequence": "5553316402182145",
      "side": "buy",
      "size": "10",
      "symbol": "ASI-USDT",
      "takerOrderId": "673f12b1f15b270007b0ff70",
      "time": "1732186801939000000",
      "tradeId": "5553316402182145",
      "type": "match",
      "time_before_que.put": "11:00:02.065",
      "seconds_from_release": 2.065014,
      "time_after_queue.get": "11:00:02.065"
    }
  },
  {
    "topic": "/market/match:ASI-USDT",
    "type": "message",
    "subject": "trade.l3match",
    "data": {
      "makerOrderId": "673f090ef4f120000794b861",
      "price": "0.16",
      "sequence": "5553316404672513",
      "side": "buy",
      "size": "10",
      "symbol": "ASI-USDT",
      "takerOrderId": "673f12b10d855300072f03b8",
      "time": "1732186801950000000",
      "tradeId": "5553316404672513",
      "type": "match",
      "time_before_que.put": "11:00:02.065",
      "seconds_from_release": 2.065177,
      "time_after_queue.get": "11:00:02.065"
    }
  },
  {
    "topic": "/market/match:ASI-USDT",
    "type": "message",
    "subject": "trade.l3match",
    "data": {
      "makerOrderId": "673f090ef4f120000794b861",
      "price": "0.16",
      "sequence": "5553316405983233",
      "side": "buy",
      "size": "10",
      "symbol": "ASI-USDT",
      "takerOrderId": "673f12b1f15b270007b0ff96",
      "time": "1732186801963000000",
      "tradeId": "5553316405983233",
      "type": "match",
      "time_before_que.put": "11:00:02.065",
      "seconds_from_release": 2.065393,
      "time_after_queue.get": "11:00:02.065"
    }
  },
  {
    "topic": "/market/match:ASI-USDT",
    "type": "message",
    "subject": "trade.l3match",
    "data": {
      "makerOrderId": "673f090ef4f120000794b861",
      "price": "0.16",
      "sequence": "5553316409653249",
      "side": "buy",
      "size": "10",
      "symbol": "ASI-USDT",
      "takerOrderId": "673f12b1d52cb800070db21b",
      "time": "1732186801974000000",
      "tradeId": "5553316409653249",
      "type": "match",
      "time_before_que.put": "11:00:02.065",
      "seconds_from_release": 2.065627,
      "time_after_queue.get": "11:00:02.065"
    }
  },
  {
    "topic": "/market/match:ASI-USDT",
    "type": "message",
    "subject": "trade.l3match",
    "data": {
      "makerOrderId": "673f090ef4f120000794b861",
      "price": "0.16",
      "sequence": "5553316409915393",
      "side": "buy",
      "size": "10",
      "symbol": "ASI-USDT",
      "takerOrderId": "673f12b1d52cb800070db223",
      "time": "1732186801978000000",
      "tradeId": "5553316409915393",
      "type": "match",
      "time_before_que.put": "11:00:02.065",
      "seconds_from_release": 2.065792,
      "time_after_queue.get": "11:00:02.065"
    }
  },
  {
    "topic": "/market/match:ASI-USDT",
    "type": "message",
    "subject": "trade.l3match",
    "data": {
      "makerOrderId": "673f090ef4f120000794b861",
      "price": "0.16",
      "sequence": "5553316431017985",
      "side": "buy",
      "size": "10",
      "symbol": "ASI-USDT",
      "takerOrderId": "673f12b21586c10007aec88c",
      "time": "1732186802053000000",
      "tradeId": "5553316431017985",
      "type": "match",
      "time_before_que.put": "11:00:02.113",
      "seconds_from_release": 2.113179,
      "time_after_queue.get": "11:00:02.113"
    }
  },
  {
    "topic": "/market/match:ASI-USDT",
    "type": "message",
    "subject": "trade.l3match",
    "data": {
      "makerOrderId": "673f090ef4f120000794b861",
      "price": "0.16",
      "sequence": "5553316436129793",
      "side": "buy",
      "size": "10",
      "symbol": "ASI-USDT",
      "takerOrderId": "673f12b2b7e21a0007747109",
      "time": "1732186802075000000",
      "tradeId": "5553316436129793",
      "type": "match",
      "time_before_que.put": "11:00:02.119",
      "seconds_from_release": 2.119228,
      "time_after_queue.get": "11:00:02.119"
    }
  },
  {
    "topic": "/market/match:ASI-USDT",
    "type": "message",
    "subject": "trade.l3match",
    "data": {
      "makerOrderId": "673f090ef4f120000794b861",
      "price": "0.16",
      "sequence": "5553316450416641",
      "side": "buy",
      "size": "59.7",
      "symbol": "ASI-USDT",
      "takerOrderId": "673f12b2c65bf7000743a830",
      "time": "1732186802110000000",
      "tradeId": "5553316450416641",
      "type": "match",
      "time_before_que.put": "11:00:02.149",
      "seconds_from_release": 2.149638,
      "time_after_queue.get": "11:00:02.149"
    }
  },
  {
    "topic": "/market/match:ASI-USDT",
    "type": "message",
    "subject": "trade.l3match",
    "data": {
      "makerOrderId": "673f090ef4f120000794b861",
      "price": "0.16",
      "sequence": "5553316453169153",
      "side": "buy",
      "size": "10",
      "symbol": "ASI-USDT",
      "takerOrderId": "673f12b2c65bf7000743a83c",
      "time": "1732186802120000000",
      "tradeId": "5553316453169153",
      "type": "match",
      "time_before_que.put": "11:00:02.159",
      "seconds_from_release": 2.159937,
      "time_after_queue.get": "11:00:02.160"
    }
  },
  {
    "topic": "/market/match:ASI-USDT",
    "type": "message",
    "subject": "trade.l3match",
    "data": {
      "makerOrderId": "673f090ef4f120000794b861",
      "price": "0.16",
      "sequence": "5553316456052737",
      "side": "buy",
      "size": "10",
      "symbol": "ASI-USDT",
      "takerOrderId": "673f12b2f4f1200007c8f18d",
      "time": "1732186802132000000",
      "tradeId": "5553316456052737",
      "type": "match",
      "time_before_que.put": "11:00:02.169",
      "seconds_from_release": 2.169439,
      "time_after_queue.get": "11:00:02.169"
    }
  },
  {
    "topic": "/market/match:ASI-USDT",
    "type": "message",
    "subject": "trade.l3match",
    "data": {
      "makerOrderId": "673f090ef4f120000794b861",
      "price": "0.16",
      "sequence": "5553316456314881",
      "side": "buy",
      "size": "10",
      "symbol": "ASI-USDT",
      "takerOrderId": "673f12b268486d000799b5a4",
      "time": "1732186802134000000",
      "tradeId": "5553316456314881",
      "type": "match",
      "time_before_que.put": "11:00:02.169",
      "seconds_from_release": 2.169652,
      "time_after_queue.get": "11:00:02.169"
    }
  },
  {
    "topic": "/market/match:ASI-USDT",
    "type": "message",
    "subject": "trade.l3match",
    "data": {
      "makerOrderId": "673f090ef4f120000794b861",
      "price": "0.16",
      "sequence": "5553316457625601",
      "side": "buy",
      "size": "10",
      "symbol": "ASI-USDT",
      "takerOrderId": "673f12b21586c10007aec8f0",
      "time": "1732186802138000000",
      "tradeId": "5553316457625601",
      "type": "match",
      "time_before_que.put": "11:00:02.178",
      "seconds_from_release": 2.178547,
      "time_after_queue.get": "11:00:02.178"
    }
  },
  {
    "topic": "/market/match:ASI-USDT",
    "type": "message",
    "subject": "trade.l3match",
    "data": {
      "makerOrderId": "673f090ef4f120000794b861",
      "price": "0.16",
      "sequence": "5553316460115969",
      "side": "buy",
      "size": "10",
      "symbol": "ASI-USDT",
      "takerOrderId": "673f12b2f1bf400007a4b2f3",
      "time": "1732186802147000000",
      "tradeId": "5553316460115969",
      "type": "match",
      "time_before_que.put": "11:00:02.185",
      "seconds_from_release": 2.185432,
      "time_after_queue.get": "11:00:02.185"
    }
  },
  {
    "topic": "/market/match:ASI-USDT",
    "type": "message",
    "subject": "trade.l3match",
    "data": {
      "makerOrderId": "673f090ef4f120000794b861",
      "price": "0.16",
      "sequence": "5553316460640257",
      "side": "buy",
      "size": "10",
      "symbol": "ASI-USDT",
      "takerOrderId": "673f12b2088f010007b881e6",
      "time": "1732186802150000000",
      "tradeId": "5553316460640257",
      "type": "match",
      "time_before_que.put": "11:00:02.196",
      "seconds_from_release": 2.196676,
      "time_after_queue.get": "11:00:02.197"
    }
  },
  {
    "topic": "/market/match:ASI-USDT",
    "type": "message",
    "subject": "trade.l3match",
    "data": {
      "makerOrderId": "673f090ef4f120000794b861",
      "price": "0.16",
      "sequence": "5553316462213121",
      "side": "buy",
      "size": "10",
      "symbol": "ASI-USDT",
      "takerOrderId": "673f12b20d855300072f04ba",
      "time": "1732186802158000000",
      "tradeId": "5553316462213121",
      "type": "match",
      "time_before_que.put": "11:00:02.207",
      "seconds_from_release": 2.20782,
      "time_after_queue.get": "11:00:02.208"
    }
  },
  {
    "topic": "/market/match:ASI-USDT",
    "type": "message",
    "subject": "trade.l3match",
    "data": {
      "makerOrderId": "673f090ef4f120000794b861",
      "price": "0.16",
      "sequence": "5553316462606337",
      "side": "buy",
      "size": "10",
      "symbol": "ASI-USDT",
      "takerOrderId": "673f12b2df6f6e00078478ad",
      "time": "1732186802159000000",
      "tradeId": "5553316462606337",
      "type": "match",
      "time_before_que.put": "11:00:02.208",
      "seconds_from_release": 2.208285,
      "time_after_queue.get": "11:00:02.208"
    }
  },
  {
    "topic": "/market/match:ASI-USDT",
    "type": "message",
    "subject": "trade.l3match",
    "data": {
      "makerOrderId": "673f090ef4f120000794b861",
      "price": "0.16",
      "sequence": "5553316469946369",
      "side": "buy",
      "size": "10",
      "symbol": "ASI-USDT",
      "takerOrderId": "673f12b231d09500073b82dc",
      "time": "1732186802173000000",
      "tradeId": "5553316469946369",
      "type": "match",
      "time_before_que.put": "11:00:02.217",
      "seconds_from_release": 2.217203,
      "time_after_queue.get": "11:00:02.217"
    }
  },
  {
    "topic": "/market/match:ASI-USDT",
    "type": "message",
    "subject": "trade.l3match",
    "data": {
      "makerOrderId": "673f090ef4f120000794b861",
      "price": "0.16",
      "sequence": "5553316473616385",
      "side": "buy",
      "size": "10",
      "symbol": "ASI-USDT",
      "takerOrderId": "673f12b2f15b270007b100ab",
      "time": "1732186802186000000",
      "tradeId": "5553316473616385",
      "type": "match",
      "time_before_que.put": "11:00:02.226",
      "seconds_from_release": 2.22675,
      "time_after_queue.get": "11:00:02.227"
    }
  },
  {
    "topic": "/market/match:ASI-USDT",
    "type": "message",
    "subject": "trade.l3match",
    "data": {
      "makerOrderId": "673f090ef4f120000794b861",
      "price": "0.16",
      "sequence": "5553316477548545",
      "side": "buy",
      "size": "10",
      "symbol": "ASI-USDT",
      "takerOrderId": "673f12b20d855300072f04f3",
      "time": "1732186802198000000",
      "tradeId": "5553316477548545",
      "type": "match",
      "time_before_que.put": "11:00:02.231",
      "seconds_from_release": 2.231667,
      "time_after_queue.get": "11:00:02.232"
    }
  },
  {
    "topic": "/market/match:ASI-USDT",
    "type": "message",
    "subject": "trade.l3match",
    "data": {
      "makerOrderId": "673f090ef4f120000794b861",
      "price": "0.16",
      "sequence": "5553316488427521",
      "side": "buy",
      "size": "10",
      "symbol": "ASI-USDT",
      "takerOrderId": "673f12b20d855300072f052a",
      "time": "1732186802242000000",
      "tradeId": "5553316488427521",
      "type": "match",
      "time_before_que.put": "11:00:02.275",
      "seconds_from_release": 2.275989,
      "time_after_queue.get": "11:00:02.276"
    }
  },
  {
    "topic": "/market/match:ASI-USDT",
    "type": "message",
    "subject": "trade.l3match",
    "data": {
      "makerOrderId": "673f090ef4f120000794b861",
      "price": "0.16",
      "sequence": "5553316489869313",
      "side": "buy",
      "size": "10",
      "symbol": "ASI-USDT",
      "takerOrderId": "673f12b21586c10007aec97b",
      "time": "1732186802248000000",
      "tradeId": "5553316489869313",
      "type": "match",
      "time_before_que.put": "11:00:02.281",
      "seconds_from_release": 2.281928,
      "time_after_queue.get": "11:00:02.283"
    }
  },
  {
    "topic": "/market/match:ASI-USDT",
    "type": "message",
    "subject": "trade.l3match",
    "data": {
      "makerOrderId": "673f090ef4f120000794b861",
      "price": "0.16",
      "sequence": "5553316493801473",
      "side": "buy",
      "size": "10",
      "symbol": "ASI-USDT",
      "takerOrderId": "673f12b2f15b270007b1011b",
      "time": "1732186802263000000",
      "tradeId": "5553316493801473",
      "type": "match",
      "time_before_que.put": "11:00:02.299",
      "seconds_from_release": 2.299811,
      "time_after_queue.get": "11:00:02.300"
    }
  },
  {
    "topic": "/market/match:ASI-USDT",
    "type": "message",
    "subject": "trade.l3match",
    "data": {
      "makerOrderId": "673f090ef4f120000794b861",
      "price": "0.16",
      "sequence": "5553316499306497",
      "side": "buy",
      "size": "10",
      "symbol": "ASI-USDT",
      "takerOrderId": "673f12b2f4a7c50007aa9779",
      "time": "1732186802283000000",
      "tradeId": "5553316499306497",
      "type": "match",
      "time_before_que.put": "11:00:02.321",
      "seconds_from_release": 2.321986,
      "time_after_queue.get": "11:00:02.322"
    }
  },
  {
    "topic": "/market/match:ASI-USDT",
    "type": "message",
    "subject": "trade.l3match",
    "data": {
      "makerOrderId": "673f090ef4f120000794b861",
      "price": "0.16",
      "sequence": "5553316501796865",
      "side": "buy",
      "size": "10",
      "symbol": "ASI-USDT",
      "takerOrderId": "673f12b2c65bf7000743a936",
      "time": "1732186802292000000",
      "tradeId": "5553316501796865",
      "type": "match",
      "time_before_que.put": "11:00:02.334",
      "seconds_from_release": 2.334019,
      "time_after_queue.get": "11:00:02.334"
    }
  },
  {
    "topic": "/market/match:ASI-USDT",
    "type": "message",
    "subject": "trade.l3match",
    "data": {
      "makerOrderId": "673f090ef4f120000794b861",
      "price": "0.16",
      "sequence": "5553316502452225",
      "side": "buy",
      "size": "10",
      "symbol": "ASI-USDT",
      "takerOrderId": "673f12b268486d000799b683",
      "time": "1732186802297000000",
      "tradeId": "5553316502452225",
      "type": "match",
      "time_before_que.put": "11:00:02.337",
      "seconds_from_release": 2.33759,
      "time_after_queue.get": "11:00:02.337"
    }
  },
  {
    "topic": "/market/match:ASI-USDT",
    "type": "message",
    "subject": "trade.l3match",
    "data": {
      "makerOrderId": "673f090ef4f120000794b861",
      "price": "0.16",
      "sequence": "5553316507432961",
      "side": "buy",
      "size": "10",
      "symbol": "ASI-USDT",
      "takerOrderId": "673f12b26967d3000713e1dd",
      "time": "1732186802323000000",
      "tradeId": "5553316507432961",
      "type": "match",
      "time_before_que.put": "11:00:02.361",
      "seconds_from_release": 2.361845,
      "time_after_queue.get": "11:00:02.362"
    }
  },
  {
    "topic": "/market/match:ASI-USDT",
    "type": "message",
    "subject": "trade.l3match",
    "data": {
      "makerOrderId": "673f090ef4f120000794b861",
      "price": "0.16",
      "sequence": "5553316512675841",
      "side": "buy",
      "size": "10",
      "symbol": "ASI-USDT",
      "takerOrderId": "673f12b2d52cb800070db3e8",
      "time": "1732186802347000000",
      "tradeId": "5553316512675841",
      "type": "match",
      "time_before_que.put": "11:00:02.386",
      "seconds_from_release": 2.386054,
      "time_after_queue.get": "11:00:02.386"
    }
  },
  {
    "topic": "/market/match:ASI-USDT",
    "type": "message",
    "subject": "trade.l3match",
    "data": {
      "makerOrderId": "673f090ef4f120000794b861",
      "price": "0.16",
      "sequence": "5553316513986561",
      "side": "buy",
      "size": "10",
      "symbol": "ASI-USDT",
      "takerOrderId": "673f12b2d52cb800070db3ed",
      "time": "1732186802351000000",
      "tradeId": "5553316513986561",
      "type": "match",
      "time_before_que.put": "11:00:02.386",
      "seconds_from_release": 2.386218,
      "time_after_queue.get": "11:00:02.386"
    }
  },
  {
    "topic": "/market/match:ASI-USDT",
    "type": "message",
    "subject": "trade.l3match",
    "data": {
      "makerOrderId": "673f090ef4f120000794b861",
      "price": "0.16",
      "sequence": "5553316515297281",
      "side": "buy",
      "size": "10",
      "symbol": "ASI-USDT",
      "takerOrderId": "673f12b26967d3000713e1fc",
      "time": "1732186802356000000",
      "tradeId": "5553316515297281",
      "type": "match",
      "time_before_que.put": "11:00:02.396",
      "seconds_from_release": 2.396176,
      "time_after_queue.get": "11:00:02.396"
    }
  },
  {
    "topic": "/market/match:ASI-USDT",
    "type": "message",
    "subject": "trade.l3match",
    "data": {
      "makerOrderId": "673f090ef4f120000794b861",
      "price": "0.16",
      "sequence": "5553316520802305",
      "side": "buy",
      "size": "10",
      "symbol": "ASI-USDT",
      "takerOrderId": "673f12b2cf286a00074f38d9",
      "time": "1732186802373000000",
      "tradeId": "5553316520802305",
      "type": "match",
      "time_before_que.put": "11:00:02.413",
      "seconds_from_release": 2.413262,
      "time_after_queue.get": "11:00:02.413"
    }
  },
  {
    "topic": "/market/match:ASI-USDT",
    "type": "message",
    "subject": "trade.l3match",
    "data": {
      "makerOrderId": "673f090ef4f120000794b861",
      "price": "0.16",
      "sequence": "5553316523161601",
      "side": "buy",
      "size": "10",
      "symbol": "ASI-USDT",
      "takerOrderId": "673f12b2d52cb800070db409",
      "time": "1732186802378000000",
      "tradeId": "5553316523161601",
      "type": "match",
      "time_before_que.put": "11:00:02.413",
      "seconds_from_release": 2.413503,
      "time_after_queue.get": "11:00:02.413"
    }
  },
  {
    "topic": "/market/match:ASI-USDT",
    "type": "message",
    "subject": "trade.l3match",
    "data": {
      "makerOrderId": "673f090ef4f120000794b861",
      "price": "0.16",
      "sequence": "5553316525389825",
      "side": "buy",
      "size": "10",
      "symbol": "ASI-USDT",
      "takerOrderId": "673f12b20d855300072f05e0",
      "time": "1732186802384000000",
      "tradeId": "5553316525389825",
      "type": "match",
      "time_before_que.put": "11:00:02.422",
      "seconds_from_release": 2.42257,
      "time_after_queue.get": "11:00:02.422"
    }
  },
  {
    "topic": "/market/match:ASI-USDT",
    "type": "message",
    "subject": "trade.l3match",
    "data": {
      "makerOrderId": "673f12b031d09500073b7b03",
      "price": "0.15001",
      "sequence": "5553316533385217",
      "side": "sell",
      "size": "26.9",
      "symbol": "ASI-USDT",
      "takerOrderId": "673f12b2c5ba74000798350d",
      "time": "1732186802405000000",
      "tradeId": "5553316533385217",
      "type": "match",
      "time_before_que.put": "11:00:02.442",
      "seconds_from_release": 2.442506,
      "time_after_queue.get": "11:00:02.442"
    }
  },
  {
    "topic": "/market/match:ASI-USDT",
    "type": "message",
    "subject": "trade.l3match",
    "data": {
      "makerOrderId": "673f090ef4f120000794b861",
      "price": "0.16",
      "sequence": "5553316542167041",
      "side": "buy",
      "size": "10",
      "symbol": "ASI-USDT",
      "takerOrderId": "673f12b2d52cb800070db458",
      "time": "1732186802441000000",
      "tradeId": "5553316542167041",
      "type": "match",
      "time_before_que.put": "11:00:02.480",
      "seconds_from_release": 2.480158,
      "time_after_queue.get": "11:00:02.480"
    }
  },
  {
    "topic": "/market/match:ASI-USDT",
    "type": "message",
    "subject": "trade.l3match",
    "data": {
      "makerOrderId": "673f090ef4f120000794b861",
      "price": "0.16",
      "sequence": "5553316558157825",
      "side": "buy",
      "size": "10",
      "symbol": "ASI-USDT",
      "takerOrderId": "673f12b267cdc900075bfedb",
      "time": "1732186802501000000",
      "tradeId": "5553316558157825",
      "type": "match",
      "time_before_que.put": "11:00:02.541",
      "seconds_from_release": 2.541915,
      "time_after_queue.get": "11:00:02.542"
    }
  },
  {
    "topic": "/market/match:ASI-USDT",
    "type": "message",
    "subject": "trade.l3match",
    "data": {
      "makerOrderId": "673f090ef4f120000794b861",
      "price": "0.16",
      "sequence": "5553316559861761",
      "side": "buy",
      "size": "10",
      "symbol": "ASI-USDT",
      "takerOrderId": "673f12b24fe74600070b043c",
      "time": "1732186802510000000",
      "tradeId": "5553316559861761",
      "type": "match",
      "time_before_que.put": "11:00:02.546",
      "seconds_from_release": 2.546975,
      "time_after_queue.get": "11:00:02.548"
    }
  },
  {
    "topic": "/market/match:ASI-USDT",
    "type": "message",
    "subject": "trade.l3match",
    "data": {
      "makerOrderId": "673f090ef4f120000794b861",
      "price": "0.16",
      "sequence": "5553316572182529",
      "side": "buy",
      "size": "10",
      "symbol": "ASI-USDT",
      "takerOrderId": "673f12b26967d3000713e2eb",
      "time": "1732186802554000000",
      "tradeId": "5553316572182529",
      "type": "match",
      "time_before_que.put": "11:00:02.588",
      "seconds_from_release": 2.588655,
      "time_after_queue.get": "11:00:02.589"
    }
  },
  {
    "topic": "/market/match:ASI-USDT",
    "type": "message",
    "subject": "trade.l3match",
    "data": {
      "makerOrderId": "673f090ef4f120000794b861",
      "price": "0.16",
      "sequence": "5553316573886465",
      "side": "buy",
      "size": "10",
      "symbol": "ASI-USDT",
      "takerOrderId": "673f12b2c5ba7400079835eb",
      "time": "1732186802560000000",
      "tradeId": "5553316573886465",
      "type": "match",
      "time_before_que.put": "11:00:02.599",
      "seconds_from_release": 2.599461,
      "time_after_queue.get": "11:00:02.599"
    }
  },
  {
    "topic": "/market/match:ASI-USDT",
    "type": "message",
    "subject": "trade.l3match",
    "data": {
      "makerOrderId": "673f090ef4f120000794b861",
      "price": "0.16",
      "sequence": "5553316574541825",
      "side": "buy",
      "size": "10",
      "symbol": "ASI-USDT",
      "takerOrderId": "673f12b24fe74600070b0489",
      "time": "1732186802563000000",
      "tradeId": "5553316574541825",
      "type": "match",
      "time_before_que.put": "11:00:02.599",
      "seconds_from_release": 2.599625,
      "time_after_queue.get": "11:00:02.599"
    }
  },
  {
    "topic": "/market/match:ASI-USDT",
    "type": "message",
    "subject": "trade.l3match",
    "data": {
      "makerOrderId": "673f090ef4f120000794b861",
      "price": "0.16",
      "sequence": "5553316601673729",
      "side": "buy",
      "size": "10",
      "symbol": "ASI-USDT",
      "takerOrderId": "673f12b26967d3000713e394",
      "time": "1732186802639000000",
      "tradeId": "5553316601673729",
      "type": "match",
      "time_before_que.put": "11:00:02.680",
      "seconds_from_release": 2.680859,
      "time_after_queue.get": "11:00:02.680"
    }
  },
  {
    "topic": "/market/match:ASI-USDT",
    "type": "message",
    "subject": "trade.l3match",
    "data": {
      "makerOrderId": "673f090ef4f120000794b861",
      "price": "0.16",
      "sequence": "5553316603901953",
      "side": "buy",
      "size": "10",
      "symbol": "ASI-USDT",
      "takerOrderId": "673f12b2f4a7c50007aa996b",
      "time": "1732186802647000000",
      "tradeId": "5553316603901953",
      "type": "match",
      "time_before_que.put": "11:00:02.685",
      "seconds_from_release": 2.685965,
      "time_after_queue.get": "11:00:02.686"
    }
  },
  {
    "topic": "/market/match:ASI-USDT",
    "type": "message",
    "subject": "trade.l3match",
    "data": {
      "makerOrderId": "673f090ef4f120000794b861",
      "price": "0.16",
      "sequence": "5553316617140225",
      "side": "buy",
      "size": "1071.5",
      "symbol": "ASI-USDT",
      "takerOrderId": "673f12b231d09500073b857d",
      "time": "1732186802690000000",
      "tradeId": "5553316617140225",
      "type": "match",
      "time_before_que.put": "11:00:02.730",
      "seconds_from_release": 2.730336,
      "time_after_queue.get": "11:00:02.730"
    }
  },
  {
    "topic": "/market/match:ASI-USDT",
    "type": "message",
    "subject": "trade.l3match",
    "data": {
      "makerOrderId": "673f090e67cdc9000727d7a4",
      "price": "0.16462",
      "sequence": "5553316621727745",
      "side": "buy",
      "size": "10",
      "symbol": "ASI-USDT",
      "takerOrderId": "673f12b2c65bf7000743ab77",
      "time": "1732186802705000000",
      "tradeId": "5553316621727745",
      "type": "match",
      "time_before_que.put": "11:00:02.742",
      "seconds_from_release": 2.742809,
      "time_after_queue.get": "11:00:02.743"
    }
  },
  {
    "topic": "/market/match:ASI-USDT",
    "type": "message",
    "subject": "trade.l3match",
    "data": {
      "makerOrderId": "673f090e67cdc9000727d7a4",
      "price": "0.16462",
      "sequence": "5553316627888129",
      "side": "buy",
      "size": "10",
      "symbol": "ASI-USDT",
      "takerOrderId": "673f12b231d09500073b85d3",
      "time": "1732186802728000000",
      "tradeId": "5553316627888129",
      "type": "match",
      "time_before_que.put": "11:00:02.763",
      "seconds_from_release": 2.763501,
      "time_after_queue.get": "11:00:02.763"
    }
  },
  {
    "topic": "/market/match:ASI-USDT",
    "type": "message",
    "subject": "trade.l3match",
    "data": {
      "makerOrderId": "673f090e67cdc9000727d7a4",
      "price": "0.16462",
      "sequence": "5553316629592065",
      "side": "buy",
      "size": "10",
      "symbol": "ASI-USDT",
      "takerOrderId": "673f12b2c5ba74000798371b",
      "time": "1732186802734000000",
      "tradeId": "5553316629592065",
      "type": "match",
      "time_before_que.put": "11:00:02.773",
      "seconds_from_release": 2.773371,
      "time_after_queue.get": "11:00:02.773"
    }
  },
  {
    "topic": "/market/match:ASI-USDT",
    "type": "message",
    "subject": "trade.l3match",
    "data": {
      "makerOrderId": "673f12b231d09500073b857d",
      "price": "0.16",
      "sequence": "5553316636276737",
      "side": "sell",
      "size": "645.4",
      "symbol": "ASI-USDT",
      "takerOrderId": "673f12b2b7e21a000774752c",
      "time": "1732186802758000000",
      "tradeId": "5553316636276737",
      "type": "match",
      "time_before_que.put": "11:00:02.805",
      "seconds_from_release": 2.805951,
