[
  {
    "id": "1732183170465",
    "type": "pong",
    "timestamp": 1732183170500717
  },
  {
    "id": "1732183190466",
    "type": "pong",
    "timestamp": 1732183190501233
  },
  {
    "topic": "/market/match:MORPHO-USDT",
    "type": "message",
    "subject": "trade.l3match",
    "data": {
      "price": "0.75",
      "sequence": "5552094992807937",
      "side": "sell",
      "size": "1",
      "symbol": "MORPHO-USDT",
      "time": "1732183200000000000",
      "tradeId": "5552094992807937",
      "type": "match",
      "time_before_que.put": "10:00:00.096",
      "seconds_from_release": 0.096028,
      "time_after_queue.get": "10:00:00.096"
    }
  },
  {
    "topic": "/market/match:MORPHO-USDT",
    "type": "message",
    "subject": "trade.l3match",
    "data": {
      "makerOrderId": "673f04a06967d30007c87fab",
      "price": "2.0057",
      "sequence": "5552095074859009",
      "side": "buy",
      "size": "5",
      "symbol": "MORPHO-USDT",
      "takerOrderId": "673f04a0cf286a000703c8eb",
      "time": "1732183200270000000",
      "tradeId": "5552095074859009",
      "type": "match",
      "time_before_que.put": "10:00:00.322",
      "seconds_from_release": 0.322378,
      "time_after_queue.get": "10:00:00.322"
    }
  },
  {
    "topic": "/market/match:MORPHO-USDT",
    "type": "message",
    "subject": "trade.l3match",
    "data": {
      "makerOrderId": "673f04a06967d30007c87fab",
      "price": "2.0057",
      "sequence": "5552095082854401",
      "side": "buy",
      "size": "20",
      "symbol": "MORPHO-USDT",
      "takerOrderId": "673f04a0088f0100076d2458",
      "time": "1732183200289000000",
      "tradeId": "5552095082854401",
      "type": "match",
      "time_before_que.put": "10:00:00.339",
      "seconds_from_release": 0.339993,
      "time_after_queue.get": "10:00:00.340"
    }
  },
  {
    "topic": "/market/match:MORPHO-USDT",
    "type": "message",
    "subject": "trade.l3match",
    "data": {
      "makerOrderId": "673eff7fc65bf70007dfb2d1",
      "price": "2.99",
      "sequence": "5552095171065857",
      "side": "buy",
      "size": "3",
      "symbol": "MORPHO-USDT",
      "takerOrderId": "673f04a0b7e21a0007291d04",
      "time": "1732183200453000000",
      "tradeId": "5552095171065857",
      "type": "match",
      "time_before_que.put": "10:00:00.505",
      "seconds_from_release": 0.505866,
      "time_after_queue.get": "10:00:00.506"
    }
  },
  {
    "topic": "/market/match:MORPHO-USDT",
    "type": "message",
    "subject": "trade.l3match",
    "data": {
      "makerOrderId": "673eff7fc65bf70007dfb2d1",
      "price": "2.99",
      "sequence": "5552095171328001",
      "side": "buy",
      "size": "3",
      "symbol": "MORPHO-USDT",
      "takerOrderId": "673f04a083982900074867e6",
      "time": "1732183200454000000",
      "tradeId": "5552095171328001",
      "type": "match",
      "time_before_que.put": "10:00:00.506",
      "seconds_from_release": 0.506042,
      "time_after_queue.get": "10:00:00.506"
    }
  },
  {
    "topic": "/market/match:MORPHO-USDT",
    "type": "message",
    "subject": "trade.l3match",
    "data": {
      "makerOrderId": "673eff7fc65bf70007dfb2d1",
      "price": "2.99",
      "sequence": "5552095172376577",
      "side": "buy",
      "size": "3",
      "symbol": "MORPHO-USDT",
      "takerOrderId": "673f04a0ae93cc00078d2afe",
      "time": "1732183200455000000",
      "tradeId": "5552095172376577",
      "type": "match",
      "time_before_que.put": "10:00:00.506",
      "seconds_from_release": 0.506141,
      "time_after_queue.get": "10:00:00.506"
    }
  },
  {
    "topic": "/market/match:MORPHO-USDT",
    "type": "message",
    "subject": "trade.l3match",
    "data": {
      "makerOrderId": "673eff7fc65bf70007dfb2d1",
      "price": "2.99",
      "sequence": "5552095291127809",
      "side": "buy",
      "size": "2",
      "symbol": "MORPHO-USDT",
      "takerOrderId": "673f04a0c5ba7400074cccc7",
      "time": "1732183200650000000",
      "tradeId": "5552095291127809",
      "type": "match",
      "time_before_que.put": "10:00:00.706",
      "seconds_from_release": 0.706563,
      "time_after_queue.get": "10:00:00.707"
    }
  },
  {
    "topic": "/market/match:MORPHO-USDT",
    "type": "message",
    "subject": "trade.l3match",
    "data": {
      "makerOrderId": "673f04a0c5ba7400074cccc7",
      "price": "4.46",
      "sequence": "5552095341590529",
      "side": "sell",
      "size": "1",
      "symbol": "MORPHO-USDT",
      "takerOrderId": "673f04a0088f0100076d2b99",
      "time": "1732183200766000000",
      "tradeId": "5552095341590529",
      "type": "match",
      "time_before_que.put": "10:00:00.817",
      "seconds_from_release": 0.817016,
      "time_after_queue.get": "10:00:00.817"
    }
  },
  {
    "topic": "/market/match:MORPHO-USDT",
    "type": "message",
    "subject": "trade.l3match",
    "data": {
      "makerOrderId": "673f04a0f4a7c500075f3f10",
      "price": "2.9955",
      "sequence": "5552095342114817",
      "side": "sell",
      "size": "2.9",
      "symbol": "MORPHO-USDT",
      "takerOrderId": "673f04a0088f0100076d2b9d",
      "time": "1732183200769000000",
      "tradeId": "5552095342114817",
      "type": "match",
      "time_before_que.put": "10:00:00.817",
      "seconds_from_release": 0.817227,
      "time_after_queue.get": "10:00:00.817"
    }
  },
  {
    "topic": "/market/match:MORPHO-USDT",
    "type": "message",
    "subject": "trade.l3match",
    "data": {
      "makerOrderId": "673f04a0f4a7c500075f3f10",
      "price": "2.9955",
      "sequence": "5552095343032321",
      "side": "sell",
      "size": "2.9",
      "symbol": "MORPHO-USDT",
      "takerOrderId": "673f04a0088f0100076d2ba1",
      "time": "1732183200770000000",
      "tradeId": "5552095343032321",
      "type": "match",
      "time_before_que.put": "10:00:00.817",
      "seconds_from_release": 0.817389,
      "time_after_queue.get": "10:00:00.817"
    }
  },
  {
    "topic": "/market/match:MORPHO-USDT",
    "type": "message",
    "subject": "trade.l3match",
    "data": {
      "makerOrderId": "673f04a0f4a7c500075f3f10",
      "price": "2.9955",
      "sequence": "5552095349454849",
      "side": "sell",
      "size": "1.08",
      "symbol": "MORPHO-USDT",
      "takerOrderId": "673f04a00d85530007e3a3d9",
      "time": "1732183200785000000",
      "tradeId": "5552095349454849",
      "type": "match",
      "time_before_que.put": "10:00:00.831",
      "seconds_from_release": 0.83196,
      "time_after_queue.get": "10:00:00.832"
    }
  },
  {
    "topic": "/market/match:MORPHO-USDT",
    "type": "message",
    "subject": "trade.l3match",
    "data": {
      "makerOrderId": "673f04a0f1bf400007595425",
      "price": "2.98",
      "sequence": "5552095349454852",
      "side": "sell",
      "size": "1.82",
      "symbol": "MORPHO-USDT",
      "takerOrderId": "673f04a00d85530007e3a3d9",
      "time": "1732183200785000000",
      "tradeId": "5552095349454852",
      "type": "match",
      "time_before_que.put": "10:00:00.832",
      "seconds_from_release": 0.832064,
      "time_after_queue.get": "10:00:00.832"
    }
  },
  {
    "topic": "/market/match:MORPHO-USDT",
    "type": "message",
    "subject": "trade.l3match",
    "data": {
      "makerOrderId": "673f04a0f1bf400007595425",
      "price": "2.98",
      "sequence": "5552095357581313",
      "side": "sell",
      "size": "1.18",
      "symbol": "MORPHO-USDT",
      "takerOrderId": "673f04a0f15b27000765aa65",
      "time": "1732183200801000000",
      "tradeId": "5552095357581313",
      "type": "match",
      "time_before_que.put": "10:00:00.852",
      "seconds_from_release": 0.852144,
      "time_after_queue.get": "10:00:00.852"
    }
  },
  {
    "topic": "/market/match:MORPHO-USDT",
    "type": "message",
    "subject": "trade.l3match",
    "data": {
      "makerOrderId": "673f04a2f1bf40000759681c",
      "price": "3.0276",
      "sequence": "5552096150829057",
      "side": "sell",
      "size": "33.02",
      "symbol": "MORPHO-USDT",
      "takerOrderId": "673f04a2b7e21a00072931fb",
      "time": "1732183202524000000",
      "tradeId": "5552096150829057",
      "type": "match",
      "time_before_que.put": "10:00:02.575",
      "seconds_from_release": 2.57526,
      "time_after_queue.get": "10:00:02.576"
    }
  },
  {
    "topic": "/market/match:MORPHO-USDT",
    "type": "message",
    "subject": "trade.l3match",
    "data": {
      "makerOrderId": "673f04a1df6f6e0007391832",
      "price": "2.7648",
      "sequence": "5552096150829060",
      "side": "sell",
      "size": "7.23",
      "symbol": "MORPHO-USDT",
      "takerOrderId": "673f04a2b7e21a00072931fb",
      "time": "1732183202524000000",
      "tradeId": "5552096150829060",
      "type": "match",
      "time_before_que.put": "10:00:02.575",
      "seconds_from_release": 2.575896,
      "time_after_queue.get": "10:00:02.576"
    }
  },
  {
    "topic": "/market/match:MORPHO-USDT",
    "type": "message",
    "subject": "trade.l3match",
    "data": {
      "makerOrderId": "673f04a137061e000708f5d6",
      "price": "2.7648",
      "sequence": "5552096150829063",
      "side": "sell",
      "size": "7.23",
      "symbol": "MORPHO-USDT",
      "takerOrderId": "673f04a2b7e21a00072931fb",
      "time": "1732183202524000000",
      "tradeId": "5552096150829063",
      "type": "match",
      "time_before_que.put": "10:00:02.576",
      "seconds_from_release": 2.57621,
      "time_after_queue.get": "10:00:02.576"
    }
  },
  {
    "topic": "/market/match:MORPHO-USDT",
    "type": "message",
    "subject": "trade.l3match",
    "data": {
      "makerOrderId": "673f04a1b7e21a0007292bf6",
      "price": "2.7648",
      "sequence": "5552096150829066",
      "side": "sell",
      "size": "8.62",
      "symbol": "MORPHO-USDT",
      "takerOrderId": "673f04a2b7e21a00072931fb",
      "time": "1732183202524000000",
      "tradeId": "5552096150829066",
      "type": "match",
      "time_before_que.put": "10:00:02.576",
      "seconds_from_release": 2.576452,
      "time_after_queue.get": "10:00:02.576"
    }
  },
  {
    "topic": "/market/match:MORPHO-USDT",
    "type": "message",
    "subject": "trade.l3match",
    "data": {
      "makerOrderId": "673f04a1088f0100076d3674",
      "price": "2.7648",
      "sequence": "5552096150829069",
      "side": "sell",
      "size": "36.52",
      "symbol": "MORPHO-USDT",
      "takerOrderId": "673f04a2b7e21a00072931fb",
      "time": "1732183202524000000",
      "tradeId": "5552096150829069",
      "type": "match",
      "time_before_que.put": "10:00:02.576",
      "seconds_from_release": 2.576617,
      "time_after_queue.get": "10:00:02.576"
    }
  },
  {
    "topic": "/market/match:MORPHO-USDT",
    "type": "message",
    "subject": "trade.l3match",
    "data": {
      "makerOrderId": "673f04a1839829000748791f",
      "price": "2.7648",
      "sequence": "5552096150829072",
      "side": "sell",
      "size": "7.23",
      "symbol": "MORPHO-USDT",
      "takerOrderId": "673f04a2b7e21a00072931fb",
      "time": "1732183202524000000",
      "tradeId": "5552096150829072",
      "type": "match",
      "time_before_que.put": "10:00:02.576",
      "seconds_from_release": 2.576771,
      "time_after_queue.get": "10:00:02.577"
    }
  },
  {
    "topic": "/market/match:MORPHO-USDT",
    "type": "message",
    "subject": "trade.l3match",
    "data": {
      "makerOrderId": "673f04a237061e000708f957",
      "price": "2.7648",
      "sequence": "5552096150829075",
      "side": "sell",
      "size": "33.1",
      "symbol": "MORPHO-USDT",
      "takerOrderId": "673f04a2b7e21a00072931fb",
      "time": "1732183202524000000",
      "tradeId": "5552096150829075",
      "type": "match",
      "time_before_que.put": "10:00:02.576",
      "seconds_from_release": 2.576935,
      "time_after_queue.get": "10:00:02.577"
    }
  },
  {
    "topic": "/market/match:MORPHO-USDT",
    "type": "message",
    "subject": "trade.l3match",
    "data": {
      "makerOrderId": "673f04a231d0950007f02fa1",
      "price": "2.7648",
      "sequence": "5552096150829078",
      "side": "sell",
      "size": "34.18",
      "symbol": "MORPHO-USDT",
      "takerOrderId": "673f04a2b7e21a00072931fb",
      "time": "1732183202524000000",
      "tradeId": "5552096150829078",
      "type": "match",
      "time_before_que.put": "10:00:02.577",
      "seconds_from_release": 2.577171,
      "time_after_queue.get": "10:00:02.577"
    }
  },
  {
    "topic": "/market/match:MORPHO-USDT",
    "type": "message",
    "subject": "trade.l3match",
    "data": {
      "makerOrderId": "673f04a2df6f6e0007392220",
      "price": "2.8996",
      "sequence": "5552096262764547",
      "side": "buy",
      "size": "6.88",
      "symbol": "MORPHO-USDT",
      "takerOrderId": "673f04a2088f0100076d3eca",
      "time": "1732183202766000000",
      "tradeId": "5552096262764547",
      "type": "match",
      "time_before_que.put": "10:00:03.104",
      "seconds_from_release": 3.104191,
      "time_after_queue.get": "10:00:03.104"
    }
  },
  {
    "topic": "/market/match:MORPHO-USDT",
    "type": "message",
    "subject": "trade.l3match",
    "data": {
      "makerOrderId": "673f04a2088f0100076d3eca",
      "price": "3.0276",
      "sequence": "5552096448624641",
      "side": "sell",
      "size": "26.14",
      "symbol": "MORPHO-USDT",
      "takerOrderId": "673f04a31586c1000763875b",
      "time": "1732183203310000000",
      "tradeId": "5552096448624641",
      "type": "match",
      "time_before_que.put": "10:00:03.430",
      "seconds_from_release": 3.430716,
      "time_after_queue.get": "10:00:03.431"
    }
  },
  {
    "topic": "/market/match:MORPHO-USDT",
    "type": "message",
    "subject": "trade.l3match",
    "data": {
      "makerOrderId": "673f04a31586c1000763875b",
      "price": "3.0276",
      "sequence": "5552096476411905",
      "side": "buy",
      "size": "6.2",
      "symbol": "MORPHO-USDT",
      "takerOrderId": "673f04a3ae93cc00078d45d1",
      "time": "1732183203366000000",
      "tradeId": "5552096476411905",
      "type": "match",
      "time_before_que.put": "10:00:03.431",
      "seconds_from_release": 3.431183,
      "time_after_queue.get": "10:00:03.431"
    }
  },
  {
    "topic": "/market/match:MORPHO-USDT",
    "type": "message",
    "subject": "trade.l3match",
    "data": {
      "makerOrderId": "673f04a31586c1000763875b",
      "price": "3.0276",
      "sequence": "5552096488732673",
      "side": "buy",
      "size": "1.84",
      "symbol": "MORPHO-USDT",
      "takerOrderId": "673f04a368486d00074e743b",
      "time": "1732183203406000000",
      "tradeId": "5552096488732673",
      "type": "match",
      "time_before_que.put": "10:00:03.490",
      "seconds_from_release": 3.490929,
      "time_after_queue.get": "10:00:03.491"
    }
  },
  {
    "topic": "/market/match:MORPHO-USDT",
    "type": "message",
    "subject": "trade.l3match",
    "data": {
      "makerOrderId": "673f04a36967d30007c89c19",
      "price": "3.0276",
      "sequence": "5552096488732676",
      "side": "buy",
      "size": "4.78",
      "symbol": "MORPHO-USDT",
      "takerOrderId": "673f04a368486d00074e743b",
      "time": "1732183203406000000",
      "tradeId": "5552096488732676",
      "type": "match",
      "time_before_que.put": "10:00:03.491",
      "seconds_from_release": 3.491414,
      "time_after_queue.get": "10:00:03.491"
    }
  },
  {
    "topic": "/market/match:MORPHO-USDT",
    "type": "message",
    "subject": "trade.l3match",
    "data": {
      "makerOrderId": "673f04a36967d30007c89c19",
      "price": "3.0276",
      "sequence": "5552097018656771",
      "side": "buy",
      "size": "28.32",
      "symbol": "MORPHO-USDT",
      "takerOrderId": "673f04a4cf286a000703ee37",
      "time": "1732183204881000000",
      "tradeId": "5552097018656771",
      "type": "match",
      "time_before_que.put": "10:00:04.932",
      "seconds_from_release": 4.932138,
      "time_after_queue.get": "10:00:04.932"
    }
  },
  {
    "topic": "/market/match:MORPHO-USDT",
    "type": "message",
    "subject": "trade.l3match",
    "data": {
      "makerOrderId": "673f04a4cf286a000703ee37",
      "price": "3.94",
      "sequence": "5552097319073793",
      "side": "sell",
      "size": "6.2",
      "symbol": "MORPHO-USDT",
      "takerOrderId": "673f04a5f4a7c500075f61f8",
      "time": "1732183205695000000",
      "tradeId": "5552097319073793",
      "type": "match",
      "time_before_que.put": "10:00:05.745",
      "seconds_from_release": 5.745598,
      "time_after_queue.get": "10:00:05.745"
    }
  },
  {
    "topic": "/market/match:MORPHO-USDT",
    "type": "message",
    "subject": "trade.l3match",
    "data": {
      "makerOrderId": "673f04a4cf286a000703ee37",
      "price": "3.94",
      "sequence": "5552097709012993",
      "side": "sell",
      "size": "16.24",
      "symbol": "MORPHO-USDT",
      "takerOrderId": "673f04a668486d00074e87dc",
      "time": "1732183206345000000",
      "tradeId": "5552097709012993",
      "type": "match",
      "time_before_que.put": "10:00:06.392",
      "seconds_from_release": 6.392532,
      "time_after_queue.get": "10:00:06.392"
    }
  },
  {
    "topic": "/market/match:MORPHO-USDT",
    "type": "message",
    "subject": "trade.l3match",
    "data": {
      "makerOrderId": "673f04a51586c10007639244",
      "price": "3.94",
      "sequence": "5552097709012996",
      "side": "sell",
      "size": "25.61",
      "symbol": "MORPHO-USDT",
      "takerOrderId": "673f04a668486d00074e87dc",
      "time": "1732183206345000000",
      "tradeId": "5552097709012996",
      "type": "match",
      "time_before_que.put": "10:00:06.392",
      "seconds_from_release": 6.392714,
      "time_after_queue.get": "10:00:06.392"
    }
  },
  {
    "topic": "/market/match:MORPHO-USDT",
    "type": "message",
    "subject": "trade.l3match",
    "data": {
      "makerOrderId": "673f04a537061e0007090e5c",
      "price": "3.94",
      "sequence": "5552097709012999",
      "side": "sell",
      "size": "24.91",
      "symbol": "MORPHO-USDT",
      "takerOrderId": "673f04a668486d00074e87dc",
      "time": "1732183206345000000",
      "tradeId": "5552097709012999",
      "type": "match",
      "time_before_que.put": "10:00:06.392",
      "seconds_from_release": 6.39285,
      "time_after_queue.get": "10:00:06.392"
    }
  },
  {
    "topic": "/market/match:MORPHO-USDT",
    "type": "message",
    "subject": "trade.l3match",
    "data": {
      "makerOrderId": "673f04a5df6f6e0007393554",
      "price": "3.94",
      "sequence": "5552097709013002",
      "side": "sell",
      "size": "21.91",
      "symbol": "MORPHO-USDT",
      "takerOrderId": "673f04a668486d00074e87dc",
      "time": "1732183206345000000",
      "tradeId": "5552097709013002",
      "type": "match",
      "time_before_que.put": "10:00:06.392",
      "seconds_from_release": 6.392994,
      "time_after_queue.get": "10:00:06.393"
    }
  },
  {
    "topic": "/market/match:MORPHO-USDT",
    "type": "message",
    "subject": "trade.l3match",
    "data": {
      "makerOrderId": "673f04a6c5ba7400074cf982",
      "price": "3.0277",
      "sequence": "5552097823832065",
      "side": "sell",
      "size": "6.62",
      "symbol": "MORPHO-USDT",
      "takerOrderId": "673f04a631d0950007f04c93",
      "time": "1732183206649000000",
      "tradeId": "5552097823832065",
      "type": "match",
      "time_before_que.put": "10:00:06.771",
      "seconds_from_release": 6.771163,
      "time_after_queue.get": "10:00:06.771"
    }
  },
  {
    "topic": "/market/match:MORPHO-USDT",
    "type": "message",
    "subject": "trade.l3match",
    "data": {
      "makerOrderId": "673f04a6ae93cc00078d5d12",
      "price": "3.0277",
      "sequence": "5552097965127681",
      "side": "sell",
      "size": "12.1",
      "symbol": "MORPHO-USDT",
      "takerOrderId": "673f04a6d52cb80007c282fb",
      "time": "1732183206947000000",
      "tradeId": "5552097965127681",
      "type": "match",
      "time_before_que.put": "10:00:07.002",
      "seconds_from_release": 7.002393,
      "time_after_queue.get": "10:00:07.002"
    }
  },
  {
    "topic": "/market/match:MORPHO-USDT",
    "type": "message",
    "subject": "trade.l3match",
    "data": {
      "makerOrderId": "673f04a537061e0007091123",
      "price": "3.0276",
      "sequence": "5552097965127684",
      "side": "sell",
      "size": "12.81",
      "symbol": "MORPHO-USDT",
      "takerOrderId": "673f04a6d52cb80007c282fb",
      "time": "1732183206947000000",
      "tradeId": "5552097965127684",
      "type": "match",
      "time_before_que.put": "10:00:07.002",
      "seconds_from_release": 7.002564,
      "time_after_queue.get": "10:00:07.002"
    }
  },
  {
    "topic": "/market/match:MORPHO-USDT",
    "type": "message",
    "subject": "trade.l3match",
    "data": {
      "makerOrderId": "673f04a5f4f12000077db2cf",
      "price": "4.463",
      "sequence": "5552098149414915",
      "side": "buy",
      "size": "419.17",
      "symbol": "MORPHO-USDT",
      "takerOrderId": "673f04a7f4f12000077dbc7c",
      "time": "1732183207442000000",
      "tradeId": "5552098149414915",
      "type": "match",
      "time_before_que.put": "10:00:07.495",
      "seconds_from_release": 7.495717,
      "time_after_queue.get": "10:00:07.496"
    }
  },
  {
    "topic": "/market/match:MORPHO-USDT",
    "type": "message",
    "subject": "trade.l3match",
    "data": {
      "makerOrderId": "673f04a7f4f12000077dbc7c",
      "price": "4.463",
      "sequence": "5552098286516225",
      "side": "sell",
      "size": "72.83",
      "symbol": "MORPHO-USDT",
      "takerOrderId": "673f04a768486d00074e909c",
      "time": "1732183207840000000",
      "tradeId": "5552098286516225",
      "type": "match",
      "time_before_que.put": "10:00:07.902",
      "seconds_from_release": 7.902695,
      "time_after_queue.get": "10:00:07.903"
    }
  },
  {
    "topic": "/market/match:MORPHO-USDT",
    "type": "message",
    "subject": "trade.l3match",
    "data": {
      "makerOrderId": "673f04a7839829000748a003",
      "price": "3.94",
      "sequence": "5552098616162305",
      "side": "sell",
      "size": "2.4",
      "symbol": "MORPHO-USDT",
      "takerOrderId": "673f04a8ae93cc00078d6758",
      "time": "1732183208787000000",
      "tradeId": "5552098616162305",
      "type": "match",
      "time_before_que.put": "10:00:08.841",
      "seconds_from_release": 8.841309,
      "time_after_queue.get": "10:00:08.841"
    }
  },
  {
    "topic": "/market/match:MORPHO-USDT",
    "type": "message",
    "subject": "trade.l3match",
    "data": {
      "makerOrderId": "673f04a8c5ba7400074d02e3",
      "price": "3.94",
      "sequence": "5552098616162308",
      "side": "sell",
      "size": "10.15",
      "symbol": "MORPHO-USDT",
      "takerOrderId": "673f04a8ae93cc00078d6758",
      "time": "1732183208787000000",
      "tradeId": "5552098616162308",
      "type": "match",
      "time_before_que.put": "10:00:08.841",
      "seconds_from_release": 8.841582,
      "time_after_queue.get": "10:00:08.841"
    }
  },
  {
    "topic": "/market/match:MORPHO-USDT",
    "type": "message",
    "subject": "trade.l3match",
    "data": {
      "makerOrderId": "673f04a81586c1000763a7c5",
      "price": "3.94",
      "sequence": "5552098616162311",
      "side": "sell",
      "size": "20.23",
      "symbol": "MORPHO-USDT",
      "takerOrderId": "673f04a8ae93cc00078d6758",
      "time": "1732183208787000000",
      "tradeId": "5552098616162311",
      "type": "match",
      "time_before_que.put": "10:00:08.841",
      "seconds_from_release": 8.841759,
      "time_after_queue.get": "10:00:08.841"
    }
  },
  {
    "topic": "/market/match:MORPHO-USDT",
    "type": "message",
    "subject": "trade.l3match",
    "data": {
      "makerOrderId": "673f04a683982900074894cc",
      "price": "4.4631",
      "sequence": "5552098669246465",
      "side": "buy",
      "size": "4.28",
      "symbol": "MORPHO-USDT",
      "takerOrderId": "673f04a8c5ba7400074d05a6",
      "time": "1732183208898000000",
      "tradeId": "5552098669246465",
      "type": "match",
      "time_before_que.put": "10:00:08.969",
      "seconds_from_release": 8.96909,
      "time_after_queue.get": "10:00:08.969"
    }
  },
  {
    "topic": "/market/match:MORPHO-USDT",
    "type": "message",
    "subject": "trade.l3match",
    "data": {
      "makerOrderId": "673f04a683982900074894cc",
      "price": "4.4631",
      "sequence": "5552098720364545",
      "side": "buy",
      "size": "4.24",
      "symbol": "MORPHO-USDT",
      "takerOrderId": "673f04a9c5ba7400074d0662",
      "time": "1732183209074000000",
      "tradeId": "5552098720364545",
      "type": "match",
      "time_before_que.put": "10:00:09.232",
      "seconds_from_release": 9.232098,
      "time_after_queue.get": "10:00:09.232"
    }
  },
  {
    "topic": "/market/match:MORPHO-USDT",
    "type": "message",
    "subject": "trade.l3match",
    "data": {
      "makerOrderId": "673f04a867cdc9000710e643",
      "price": "3.1111",
      "sequence": "5552098757588993",
      "side": "sell",
      "size": "6.18",
      "symbol": "MORPHO-USDT",
      "takerOrderId": "673f04a9df6f6e00073948f9",
      "time": "1732183209208000000",
      "tradeId": "5552098757588993",
      "type": "match",
      "time_before_que.put": "10:00:09.332",
      "seconds_from_release": 9.332569,
      "time_after_queue.get": "10:00:09.332"
    }
  },
  {
    "topic": "/market/match:MORPHO-USDT",
    "type": "message",
    "subject": "trade.l3match",
    "data": {
      "makerOrderId": "673f04a9088f0100076d6462",
      "price": "3.94",
      "sequence": "5552098765715457",
      "side": "buy",
      "size": "4.24",
      "symbol": "MORPHO-USDT",
      "takerOrderId": "673f04a9ae93cc00078d691b",
      "time": "1732183209241000000",
      "tradeId": "5552098765715457",
      "type": "match",
      "time_before_que.put": "10:00:09.332",
      "seconds_from_release": 9.332685,
      "time_after_queue.get": "10:00:09.332"
    }
  },
  {
    "topic": "/market/match:MORPHO-USDT",
    "type": "message",
    "subject": "trade.l3match",
    "data": {
      "makerOrderId": "673f04a9088f0100076d6462",
      "price": "3.94",
      "sequence": "5552098797565953",
      "side": "buy",
      "size": "4.01",
      "symbol": "MORPHO-USDT",
      "takerOrderId": "673f04a9b7e21a0007295b14",
      "time": "1732183209343000000",
      "tradeId": "5552098797565953",
      "type": "match",
      "time_before_que.put": "10:00:09.403",
      "seconds_from_release": 9.403799,
      "time_after_queue.get": "10:00:09.404"
    }
  },
  {
    "topic": "/market/match:MORPHO-USDT",
    "type": "message",
    "subject": "trade.l3match",
    "data": {
      "makerOrderId": "673f04a78398290007489f06",
      "price": "3.111",
      "sequence": "5552098833479681",
      "side": "sell",
      "size": "31.34",
      "symbol": "MORPHO-USDT",
      "takerOrderId": "673f04a9839829000748a73d",
      "time": "1732183209424000000",
      "tradeId": "5552098833479681",
      "type": "match",
      "time_before_que.put": "10:00:09.475",
      "seconds_from_release": 9.475199,
      "time_after_queue.get": "10:00:09.475"
    }
  },
  {
    "topic": "/market/match:MORPHO-USDT",
    "type": "message",
    "subject": "trade.l3match",
    "data": {
      "makerOrderId": "673f04a9839829000748a73d",
      "price": "3.111",
      "sequence": "5552098838460417",
      "side": "buy",
      "size": "2.67",
      "symbol": "MORPHO-USDT",
      "takerOrderId": "673f04a9df6f6e0007394a23",
      "time": "1732183209434000000",
      "tradeId": "5552098838460417",
      "type": "match",
      "time_before_que.put": "10:00:09.484",
      "seconds_from_release": 9.484373,
      "time_after_queue.get": "10:00:09.484"
    }
  },
  {
    "topic": "/market/match:MORPHO-USDT",
    "type": "message",
    "subject": "trade.l3match",
    "data": {
      "makerOrderId": "673f04a9088f0100076d6462",
      "price": "3.94",
      "sequence": "5552098840033281",
      "side": "buy",
      "size": "4.24",
      "symbol": "MORPHO-USDT",
      "takerOrderId": "673f04a9088f0100076d6579",
      "time": "1732183209438000000",
      "tradeId": "5552098840033281",
      "type": "match",
      "time_before_que.put": "10:00:09.484",
      "seconds_from_release": 9.484683,
      "time_after_queue.get": "10:00:09.484"
    }
  },
  {
    "topic": "/market/match:MORPHO-USDT",
    "type": "message",
    "subject": "trade.l3match",
    "data": {
      "makerOrderId": "673f04a9088f0100076d6462",
      "price": "3.94",
      "sequence": "5552098888005633",
      "side": "buy",
      "size": "4.24",
      "symbol": "MORPHO-USDT",
      "takerOrderId": "673f04a9ae93cc00078d6ae5",
      "time": "1732183209585000000",
      "tradeId": "5552098888005633",
      "type": "match",
      "time_before_que.put": "10:00:09.633",
      "seconds_from_release": 9.633486,
      "time_after_queue.get": "10:00:09.634"
    }
  },
  {
    "topic": "/market/match:MORPHO-USDT",
    "type": "message",
    "subject": "trade.l3match",
    "data": {
      "makerOrderId": "673f04a967cdc9000710e6f5",
      "price": "4.23",
      "sequence": "5552098953148417",
      "side": "buy",
      "size": "4.2",
      "symbol": "MORPHO-USDT",
      "takerOrderId": "673f04a9f4f12000077dc7b6",
      "time": "1732183209765000000",
      "tradeId": "5552098953148417",
      "type": "match",
      "time_before_que.put": "10:00:09.832",
      "seconds_from_release": 9.83229,
      "time_after_queue.get": "10:00:09.832"
    }
  },
  {
    "topic": "/market/match:MORPHO-USDT",
    "type": "message",
    "subject": "trade.l3match",
    "data": {
      "makerOrderId": "673f04a967cdc9000710e6f5",
      "price": "4.23",
      "sequence": "5552099043457025",
      "side": "buy",
      "size": "4.2",
      "symbol": "MORPHO-USDT",
      "takerOrderId": "673f04a967cdc9000710eb54",
      "time": "1732183209951000000",
      "tradeId": "5552099043457025",
      "type": "match",
      "time_before_que.put": "10:00:10.002",
      "seconds_from_release": 10.00234,
      "time_after_queue.get": "10:00:10.002"
    }
  },
  {
    "topic": "/market/match:MORPHO-USDT",
    "type": "message",
    "subject": "trade.l3match",
    "data": {
      "makerOrderId": "673f04a9df6f6e0007394a23",
      "price": "3.1111",
      "sequence": "5552099075700737",
      "side": "sell",
      "size": "3.41",
      "symbol": "MORPHO-USDT",
      "takerOrderId": "673f04aaae93cc00078d6d7e",
      "time": "1732183210027000000",
      "tradeId": "5552099075700737",
      "type": "match",
      "time_before_que.put": "10:00:10.076",
      "seconds_from_release": 10.076877,
      "time_after_queue.get": "10:00:10.077"
    }
  },
  {
    "topic": "/market/match:MORPHO-USDT",
    "type": "message",
    "subject": "trade.l3match",
    "data": {
      "makerOrderId": "673f04a968486d00074e998c",
      "price": "3.1111",
      "sequence": "5552099075700740",
      "side": "sell",
      "size": "29.49",
      "symbol": "MORPHO-USDT",
      "takerOrderId": "673f04aaae93cc00078d6d7e",
      "time": "1732183210027000000",
      "tradeId": "5552099075700740",
      "type": "match",
      "time_before_que.put": "10:00:10.077",
      "seconds_from_release": 10.077067,
      "time_after_queue.get": "10:00:10.077"
    }
  },
  {
    "topic": "/market/match:MORPHO-USDT",
    "type": "message",
    "subject": "trade.l3match",
    "data": {
      "makerOrderId": "673f04a767cdc9000710df81",
      "price": "3.0433",
      "sequence": "5552099075700743",
      "side": "sell",
      "size": "6.77",
      "symbol": "MORPHO-USDT",
      "takerOrderId": "673f04aaae93cc00078d6d7e",
      "time": "1732183210027000000",
      "tradeId": "5552099075700743",
      "type": "match",
      "time_before_que.put": "10:00:10.077",
      "seconds_from_release": 10.077251,
      "time_after_queue.get": "10:00:10.077"
    }
  },
  {
    "topic": "/market/match:MORPHO-USDT",
    "type": "message",
    "subject": "trade.l3match",
    "data": {
      "makerOrderId": "673f04aa0d85530007e3e132",
      "price": "3.0277",
      "sequence": "5552099075700746",
      "side": "sell",
      "size": "18.42",
      "symbol": "MORPHO-USDT",
      "takerOrderId": "673f04aaae93cc00078d6d7e",
      "time": "1732183210027000000",
      "tradeId": "5552099075700746",
      "type": "match",
      "time_before_que.put": "10:00:10.077",
      "seconds_from_release": 10.077461,
      "time_after_queue.get": "10:00:10.077"
    }
  },
  {
    "topic": "/market/match:MORPHO-USDT",
    "type": "message",
    "subject": "trade.l3match",
    "data": {
      "makerOrderId": "673f04aa0d85530007e3e179",
      "price": "4.1254",
      "sequence": "5552099105716225",
      "side": "buy",
      "size": "3.39",
      "symbol": "MORPHO-USDT",
      "takerOrderId": "673f04aa68486d00074e9b9c",
      "time": "1732183210107000000",
      "tradeId": "5552099105716225",
      "type": "match",
      "time_before_que.put": "10:00:10.158",
      "seconds_from_release": 10.158524,
      "time_after_queue.get": "10:00:10.158"
    }
  },
  {
    "topic": "/market/match:MORPHO-USDT",
    "type": "message",
    "subject": "trade.l3match",
    "data": {
      "makerOrderId": "673f04a967cdc9000710e6f5",
      "price": "4.23",
      "sequence": "5552099105716228",
      "side": "buy",
      "size": "0.81",
      "symbol": "MORPHO-USDT",
      "takerOrderId": "673f04aa68486d00074e9b9c",
      "time": "1732183210107000000",
      "tradeId": "5552099105716228",
      "type": "match",
      "time_before_que.put": "10:00:10.158",
      "seconds_from_release": 10.15876,
      "time_after_queue.get": "10:00:10.158"
    }
  },
  {
    "topic": "/market/match:MORPHO-USDT",
    "type": "message",
    "subject": "trade.l3match",
    "data": {
      "makerOrderId": "673f04aadf6f6e0007394dea",
      "price": "4.1254",
      "sequence": "5552099158407169",
      "side": "buy",
      "size": "3.38",
      "symbol": "MORPHO-USDT",
      "takerOrderId": "673f04aaf1bf4000075996ad",
      "time": "1732183210237000000",
      "tradeId": "5552099158407169",
      "type": "match",
      "time_before_que.put": "10:00:10.322",
      "seconds_from_release": 10.322008,
      "time_after_queue.get": "10:00:10.322"
    }
  },
  {
    "topic": "/market/match:MORPHO-USDT",
    "type": "message",
    "subject": "trade.l3match",
    "data": {
      "makerOrderId": "673f04a967cdc9000710e6f5",
      "price": "4.23",
      "sequence": "5552099158407172",
      "side": "buy",
      "size": "0.82",
      "symbol": "MORPHO-USDT",
      "takerOrderId": "673f04aaf1bf4000075996ad",
      "time": "1732183210237000000",
      "tradeId": "5552099158407172",
      "type": "match",
      "time_before_que.put": "10:00:10.322",
      "seconds_from_release": 10.322203,
      "time_after_queue.get": "10:00:10.322"
    }
  },
  {
    "topic": "/market/match:MORPHO-USDT",
    "type": "message",
    "subject": "trade.l3match",
    "data": {
      "makerOrderId": "673f04a967cdc9000710e6f5",
      "price": "4.23",
      "sequence": "5552099222239233",
      "side": "buy",
      "size": "4.2",
      "symbol": "MORPHO-USDT",
      "takerOrderId": "673f04aa6967d30007c8c48f",
      "time": "1732183210406000000",
      "tradeId": "5552099222239233",
      "type": "match",
      "time_before_que.put": "10:00:10.456",
      "seconds_from_release": 10.456931,
      "time_after_queue.get": "10:00:10.457"
    }
  },
  {
    "id": "1732183210466",
    "type": "pong",
    "timestamp": 1732183210510765
  },
  {
    "topic": "/market/match:MORPHO-USDT",
    "type": "message",
    "subject": "trade.l3match",
    "data": {
      "makerOrderId": "673f04a967cdc9000710e6f5",
      "price": "4.23",
      "sequence": "5552099299440641",
      "side": "buy",
      "size": "4.2",
      "symbol": "MORPHO-USDT",
      "takerOrderId": "673f04aadf6f6e00073950a7",
      "time": "1732183210578000000",
      "tradeId": "5552099299440641",
      "type": "match",
      "time_before_que.put": "10:00:10.707",
      "seconds_from_release": 10.707354,
      "time_after_queue.get": "10:00:10.707"
    }
  },
  {
    "topic": "/market/match:MORPHO-USDT",
    "type": "message",
    "subject": "trade.l3match",
    "data": {
      "makerOrderId": "673f04aaf1bf4000075998d2",
      "price": "3.3",
      "sequence": "5552099355408385",
      "side": "sell",
      "size": "25.93",
      "symbol": "MORPHO-USDT",
      "takerOrderId": "673f04aa088f0100076d6c95",
      "time": "1732183210704000000",
      "tradeId": "5552099355408385",
      "type": "match",
      "time_before_que.put": "10:00:10.829",
      "seconds_from_release": 10.829396,
      "time_after_queue.get": "10:00:10.829"
    }
  },
  {
    "topic": "/market/match:MORPHO-USDT",
    "type": "message",
    "subject": "trade.l3match",
    "data": {
      "makerOrderId": "673f04abf15b27000765ecfb",
      "price": "3.3001",
      "sequence": "5552099499980801",
      "side": "sell",
      "size": "24.06",
      "symbol": "MORPHO-USDT",
      "takerOrderId": "673f04ab37061e0007092e9f",
      "time": "1732183211059000000",
      "tradeId": "5552099499980801",
      "type": "match",
      "time_before_que.put": "10:00:11.232",
      "seconds_from_release": 11.232814,
      "time_after_queue.get": "10:00:11.233"
    }
  },
  {
    "topic": "/market/match:MORPHO-USDT",
    "type": "message",
    "subject": "trade.l3match",
    "data": {
      "makerOrderId": "673f04a967cdc9000710e6f5",
      "price": "4.23",
      "sequence": "5552099605100545",
      "side": "buy",
      "size": "32.33",
      "symbol": "MORPHO-USDT",
      "takerOrderId": "673f04abdf6f6e000739550f",
      "time": "1732183211384000000",
      "tradeId": "5552099605100545",
      "type": "match",
      "time_before_que.put": "10:00:11.449",
      "seconds_from_release": 11.449651,
      "time_after_queue.get": "10:00:11.449"
    }
  },
  {
    "topic": "/market/match:MORPHO-USDT",
    "type": "message",
    "subject": "trade.l3match",
    "data": {
      "makerOrderId": "673f04a9088f0100076d65d6",
      "price": "4.2301",
      "sequence": "5552099605100548",
      "side": "buy",
      "size": "40.85",
      "symbol": "MORPHO-USDT",
      "takerOrderId": "673f04abdf6f6e000739550f",
      "time": "1732183211384000000",
      "tradeId": "5552099605100548",
      "type": "match",
      "time_before_que.put": "10:00:11.449",
      "seconds_from_release": 11.449804,
      "time_after_queue.get": "10:00:11.449"
    }
  },
  {
    "topic": "/market/match:MORPHO-USDT",
    "type": "message",
    "subject": "trade.l3match",
    "data": {
      "makerOrderId": "673f04aa839829000748abd5",
      "price": "4.2301",
      "sequence": "5552099605100551",
      "side": "buy",
      "size": "44.46",
      "symbol": "MORPHO-USDT",
      "takerOrderId": "673f04abdf6f6e000739550f",
      "time": "1732183211384000000",
      "tradeId": "5552099605100551",
      "type": "match",
      "time_before_que.put": "10:00:11.449",
      "seconds_from_release": 11.449923,
      "time_after_queue.get": "10:00:11.449"
    }
  },
  {
    "topic": "/market/match:MORPHO-USDT",
    "type": "message",
    "subject": "trade.l3match",
    "data": {
      "makerOrderId": "673f04ab31d0950007f06474",
      "price": "3.3001",
      "sequence": "5552099644946433",
      "side": "sell",
      "size": "5.51",
      "symbol": "MORPHO-USDT",
      "takerOrderId": "673f04ab37061e000709316d",
      "time": "1732183211534000000",
      "tradeId": "5552099644946433",
      "type": "match",
      "time_before_que.put": "10:00:11.585",
      "seconds_from_release": 11.585999,
      "time_after_queue.get": "10:00:11.586"
    }
  },
  {
    "topic": "/market/match:MORPHO-USDT",
    "type": "message",
    "subject": "trade.l3match",
    "data": {
      "makerOrderId": "673f04ab1586c1000763b79a",
      "price": "3.3001",
      "sequence": "5552099644946436",
      "side": "sell",
      "size": "18.55",
      "symbol": "MORPHO-USDT",
      "takerOrderId": "673f04ab37061e000709316d",
      "time": "1732183211534000000",
      "tradeId": "5552099644946436",
      "type": "match",
      "time_before_que.put": "10:00:11.586",
      "seconds_from_release": 11.586135,
      "time_after_queue.get": "10:00:11.586"
    }
  },
  {
    "topic": "/market/match:MORPHO-USDT",
    "type": "message",
    "subject": "trade.l3match",
    "data": {
      "makerOrderId": "673f04aac5ba7400074d0d6d",
      "price": "4.2301",
      "sequence": "5552099687282689",
      "side": "buy",
      "size": "14.48",
      "symbol": "MORPHO-USDT",
      "takerOrderId": "673f04ab088f0100076d7245",
      "time": "1732183211649000000",
      "tradeId": "5552099687282689",
      "type": "match",
      "time_before_que.put": "10:00:11.700",
      "seconds_from_release": 11.700124,
      "time_after_queue.get": "10:00:11.700"
    }
  },
  {
    "topic": "/market/match:MORPHO-USDT",
    "type": "message",
    "subject": "trade.l3match",
    "data": {
      "makerOrderId": "673f04abae93cc00078d7714",
      "price": "3.3004",
      "sequence": "5552099781523457",
      "side": "sell",
      "size": "1.52",
      "symbol": "MORPHO-USDT",
      "takerOrderId": "673f04abf4f12000077dd3d7",
      "time": "1732183211839000000",
      "tradeId": "5552099781523457",
      "type": "match",
      "time_before_que.put": "10:00:11.890",
      "seconds_from_release": 11.890118,
      "time_after_queue.get": "10:00:11.890"
    }
  },
  {
    "topic": "/market/match:MORPHO-USDT",
    "type": "message",
    "subject": "trade.l3match",
    "data": {
      "makerOrderId": "673f04ab1586c1000763b79a",
      "price": "3.3001",
      "sequence": "5552099781523460",
      "side": "sell",
      "size": "24.46",
      "symbol": "MORPHO-USDT",
      "takerOrderId": "673f04abf4f12000077dd3d7",
      "time": "1732183211839000000",
      "tradeId": "5552099781523460",
      "type": "match",
      "time_before_que.put": "10:00:11.890",
      "seconds_from_release": 11.890309,
      "time_after_queue.get": "10:00:11.890"
    }
  },
  {
    "topic": "/market/match:MORPHO-USDT",
    "type": "message",
    "subject": "trade.l3match",
    "data": {
      "makerOrderId": "673f04ab088f0100076d7281",
      "price": "3.3001",
      "sequence": "5552099781523463",
      "side": "sell",
      "size": "4.77",
      "symbol": "MORPHO-USDT",
      "takerOrderId": "673f04abf4f12000077dd3d7",
      "time": "1732183211839000000",
      "tradeId": "5552099781523463",
      "type": "match",
      "time_before_que.put": "10:00:11.890",
      "seconds_from_release": 11.890412,
      "time_after_queue.get": "10:00:11.890"
    }
  },
  {
    "topic": "/market/match:MORPHO-USDT",
    "type": "message",
    "subject": "trade.l3match",
    "data": {
      "makerOrderId": "673f04abb7e21a0007296812",
      "price": "3.3001",
      "sequence": "5552099781523466",
      "side": "sell",
      "size": "46.64",
      "symbol": "MORPHO-USDT",
      "takerOrderId": "673f04abf4f12000077dd3d7",
      "time": "1732183211839000000",
      "tradeId": "5552099781523466",
      "type": "match",
      "time_before_que.put": "10:00:11.890",
      "seconds_from_release": 11.890507,
      "time_after_queue.get": "10:00:11.890"
    }
  },
  {
    "topic": "/market/match:MORPHO-USDT",
    "type": "message",
    "subject": "trade.l3match",
    "data": {
      "makerOrderId": "673f04abae93cc00078d76d4",
      "price": "3.7536",
      "sequence": "5552099871832065",
      "side": "buy",
      "size": "1.86",
      "symbol": "MORPHO-USDT",
      "takerOrderId": "673f04ac37061e00070934e3",
      "time": "1732183212029000000",
      "tradeId": "5552099871832065",
      "type": "match",
      "time_before_que.put": "10:00:12.124",
      "seconds_from_release": 12.124754,
      "time_after_queue.get": "10:00:12.124"
    }
  },
  {
    "topic": "/market/match:MORPHO-USDT",
    "type": "message",
    "subject": "trade.l3match",
    "data": {
      "makerOrderId": "673f04accf286a0007041924",
      "price": "3.5475",
      "sequence": "5552099894507521",
      "side": "sell",
      "size": "20.52",
      "symbol": "MORPHO-USDT",
      "takerOrderId": "673f04ac0d85530007e3ed36",
      "time": "1732183212100000000",
      "tradeId": "5552099894507521",
      "type": "match",
      "time_before_que.put": "10:00:12.220",
      "seconds_from_release": 12.220558,
      "time_after_queue.get": "10:00:12.221"
    }
  },
  {
    "topic": "/market/match:MORPHO-USDT",
    "type": "message",
    "subject": "trade.l3match",
    "data": {
      "makerOrderId": "673f04abae93cc00078d76d4",
      "price": "3.7536",
      "sequence": "5552099904862209",
      "side": "buy",
      "size": "11.78",
      "symbol": "MORPHO-USDT",
      "takerOrderId": "673f04acf15b27000765f3c7",
      "time": "1732183212135000000",
      "tradeId": "5552099904862209",
      "type": "match",
      "time_before_que.put": "10:00:12.220",
      "seconds_from_release": 12.220935,
      "time_after_queue.get": "10:00:12.221"
    }
  },
  {
    "topic": "/market/match:MORPHO-USDT",
    "type": "message",
    "subject": "trade.l3match",
    "data": {
      "makerOrderId": "673f04abae93cc00078d76d4",
      "price": "3.7536",
      "sequence": "5552100100421633",
      "side": "buy",
      "size": "26.27",
      "symbol": "MORPHO-USDT",
      "takerOrderId": "673f04acf4a7c500075f8b60",
      "time": "1732183212650000000",
      "tradeId": "5552100100421633",
      "type": "match",
      "time_before_que.put": "10:00:12.699",
      "seconds_from_release": 12.699392,
      "time_after_queue.get": "10:00:12.699"
    }
  },
  {
    "topic": "/market/match:MORPHO-USDT",
    "type": "message",
    "subject": "trade.l3match",
    "data": {
      "makerOrderId": "673f04abae93cc00078d76d4",
      "price": "3.7536",
      "sequence": "5552100144592897",
      "side": "buy",
      "size": "26.13",
      "symbol": "MORPHO-USDT",
      "takerOrderId": "673f04acf1bf40000759a623",
      "time": "1732183212797000000",
      "tradeId": "5552100144592897",
      "type": "match",
      "time_before_que.put": "10:00:12.848",
      "seconds_from_release": 12.848192,
      "time_after_queue.get": "10:00:12.848"
    }
  },
  {
    "topic": "/market/match:MORPHO-USDT",
    "type": "message",
    "subject": "trade.l3match",
    "data": {
      "makerOrderId": "673f04abd52cb80007c29e3f",
      "price": "3.7537",
      "sequence": "5552100144592900",
      "side": "buy",
      "size": "0.14",
      "symbol": "MORPHO-USDT",
      "takerOrderId": "673f04acf1bf40000759a623",
      "time": "1732183212797000000",
      "tradeId": "5552100144592900",
      "type": "match",
      "time_before_que.put": "10:00:12.848",
      "seconds_from_release": 12.848453,
      "time_after_queue.get": "10:00:12.848"
    }
  },
  {
    "topic": "/market/match:MORPHO-USDT",
    "type": "message",
    "subject": "trade.l3match",
    "data": {
      "makerOrderId": "673f04abd52cb80007c29e3f",
      "price": "3.7537",
      "sequence": "5552100152326145",
      "side": "buy",
      "size": "2.53",
      "symbol": "MORPHO-USDT",
      "takerOrderId": "673f04acc65bf70007f893a2",
      "time": "1732183212827000000",
      "tradeId": "5552100152326145",
      "type": "match",
      "time_before_que.put": "10:00:12.879",
      "seconds_from_release": 12.879933,
      "time_after_queue.get": "10:00:12.880"
    }
  },
  {
    "topic": "/market/match:MORPHO-USDT",
    "type": "message",
    "subject": "trade.l3match",
    "data": {
      "makerOrderId": "673f04acf1bf40000759a682",
      "price": "3.7532",
      "sequence": "5552100233852929",
      "side": "buy",
      "size": "1.01",
      "symbol": "MORPHO-USDT",
      "takerOrderId": "673f04addf6f6e0007395ed8",
      "time": "1732183213059000000",
      "tradeId": "5552100233852929",
      "type": "match",
      "time_before_que.put": "10:00:13.110",
      "seconds_from_release": 13.110819,
      "time_after_queue.get": "10:00:13.110"
    }
  },
  {
    "topic": "/market/match:MORPHO-USDT",
    "type": "message",
    "subject": "trade.l3match",
    "data": {
      "makerOrderId": "673f04acf1bf40000759a682",
      "price": "3.7532",
      "sequence": "5552100249581569",
      "side": "buy",
      "size": "0.51",
      "symbol": "MORPHO-USDT",
      "takerOrderId": "673f04ad4fe7460007bfeaf7",
      "time": "1732183213107000000",
      "tradeId": "5552100249581569",
      "type": "match",
      "time_before_que.put": "10:00:13.154",
      "seconds_from_release": 13.154702,
      "time_after_queue.get": "10:00:13.154"
    }
  },
  {
    "topic": "/market/match:MORPHO-USDT",
    "type": "message",
    "subject": "trade.l3match",
    "data": {
      "makerOrderId": "673f04acf4a7c500075f89bb",
      "price": "3.7537",
      "sequence": "5552100249581572",
      "side": "buy",
      "size": "4.77",
      "symbol": "MORPHO-USDT",
      "takerOrderId": "673f04ad4fe7460007bfeaf7",
      "time": "1732183213107000000",
      "tradeId": "5552100249581572",
      "type": "match",
      "time_before_que.put": "10:00:13.154",
      "seconds_from_release": 13.154877,
      "time_after_queue.get": "10:00:13.154"
    }
  },
  {
    "topic": "/market/match:MORPHO-USDT",
    "type": "message",
    "subject": "trade.l3match",
    "data": {
      "makerOrderId": "673f04adcf286a0007042238",
      "price": "3.8501",
      "sequence": "5552100534401025",
      "side": "sell",
      "size": "28.74",
      "symbol": "MORPHO-USDT",
      "takerOrderId": "673f04ad1586c1000763c5c5",
      "time": "1732183213919000000",
      "tradeId": "5552100534401025",
      "type": "match",
      "time_before_que.put": "10:00:13.973",
      "seconds_from_release": 13.973021,
      "time_after_queue.get": "10:00:13.973"
    }
  },
  {
    "topic": "/market/match:MORPHO-USDT",
    "type": "message",
    "subject": "trade.l3match",
    "data": {
      "makerOrderId": "673f04adf1bf40000759ab76",
      "price": "3.8501",
      "sequence": "5552100534401028",
      "side": "sell",
      "size": "20.99",
      "symbol": "MORPHO-USDT",
      "takerOrderId": "673f04ad1586c1000763c5c5",
      "time": "1732183213919000000",
      "tradeId": "5552100534401028",
      "type": "match",
      "time_before_que.put": "10:00:13.973",
      "seconds_from_release": 13.973234,
      "time_after_queue.get": "10:00:13.973"
    }
  },
  {
    "topic": "/market/match:MORPHO-USDT",
    "type": "message",
    "subject": "trade.l3match",
    "data": {
      "makerOrderId": "673f04ad67cdc9000711020e",
      "price": "3.3581",
      "sequence": "5552100715018241",
      "side": "sell",
      "size": "9.09",
      "symbol": "MORPHO-USDT",
      "takerOrderId": "673f04ae37061e0007094215",
      "time": "1732183214502000000",
      "tradeId": "5552100715018241",
      "type": "match",
      "time_before_que.put": "10:00:14.553",
      "seconds_from_release": 14.553993,
      "time_after_queue.get": "10:00:14.554"
    }
  },
  {
    "topic": "/market/match:MORPHO-USDT",
    "type": "message",
    "subject": "trade.l3match",
    "data": {
      "makerOrderId": "673f04adc5ba7400074d21b6",
      "price": "3.3581",
      "sequence": "5552100715018244",
      "side": "sell",
      "size": "10.77",
      "symbol": "MORPHO-USDT",
      "takerOrderId": "673f04ae37061e0007094215",
      "time": "1732183214502000000",
      "tradeId": "5552100715018244",
      "type": "match",
      "time_before_que.put": "10:00:14.554",
      "seconds_from_release": 14.554193,
      "time_after_queue.get": "10:00:14.554"
    }
  },
  {
    "topic": "/market/match:MORPHO-USDT",
    "type": "message",
    "subject": "trade.l3match",
    "data": {
      "makerOrderId": "673f04aef15b270007660059",
      "price": "3.3581",
      "sequence": "5552100715018247",
      "side": "sell",
      "size": "4.77",
      "symbol": "MORPHO-USDT",
      "takerOrderId": "673f04ae37061e0007094215",
      "time": "1732183214502000000",
      "tradeId": "5552100715018247",
      "type": "match",
      "time_before_que.put": "10:00:14.554",
      "seconds_from_release": 14.5548,
      "time_after_queue.get": "10:00:14.554"
    }
  },
  {
    "topic": "/market/match:MORPHO-USDT",
    "type": "message",
    "subject": "trade.l3match",
    "data": {
      "makerOrderId": "673f04adf1bf40000759abef",
      "price": "3.358",
      "sequence": "5552100715018250",
      "side": "sell",
      "size": "36.24",
      "symbol": "MORPHO-USDT",
      "takerOrderId": "673f04ae37061e0007094215",
      "time": "1732183214502000000",
      "tradeId": "5552100715018250",
      "type": "match",
      "time_before_que.put": "10:00:14.554",
      "seconds_from_release": 14.554958,
      "time_after_queue.get": "10:00:14.555"
    }
  },
  {
    "topic": "/market/match:MORPHO-USDT",
    "type": "message",
    "subject": "trade.l3match",
    "data": {
      "makerOrderId": "673f04adf1bf40000759abef",
      "price": "3.358",
      "sequence": "5552100715149313",
      "side": "sell",
      "size": "23.31",
      "symbol": "MORPHO-USDT",
      "takerOrderId": "673f04aeae93cc00078d86df",
      "time": "1732183214502000000",
      "tradeId": "5552100715149313",
      "type": "match",
      "time_before_que.put": "10:00:14.555",
      "seconds_from_release": 14.555086,
      "time_after_queue.get": "10:00:14.555"
    }
  },
  {
    "topic": "/market/match:MORPHO-USDT",
    "type": "message",
    "subject": "trade.l3match",
    "data": {
      "makerOrderId": "673f04acf4a7c500075f8907",
      "price": "3.111",
      "sequence": "5552100715149316",
      "side": "sell",
      "size": "3.66",
      "symbol": "MORPHO-USDT",
      "takerOrderId": "673f04aeae93cc00078d86df",
      "time": "1732183214502000000",
      "tradeId": "5552100715149316",
      "type": "match",
      "time_before_que.put": "10:00:14.555",
      "seconds_from_release": 14.555209,
      "time_after_queue.get": "10:00:14.555"
    }
  },
  {
    "topic": "/market/match:MORPHO-USDT",
    "type": "message",
    "subject": "trade.l3match",
    "data": {
      "makerOrderId": "673f04a537061e0007091123",
      "price": "3.0276",
      "sequence": "5552100715149319",
      "side": "sell",
      "size": "3.01",
      "symbol": "MORPHO-USDT",
      "takerOrderId": "673f04aeae93cc00078d86df",
      "time": "1732183214502000000",
      "tradeId": "5552100715149319",
      "type": "match",
      "time_before_que.put": "10:00:14.555",
      "seconds_from_release": 14.55533,
      "time_after_queue.get": "10:00:14.555"
    }
  },
  {
    "topic": "/market/match:MORPHO-USDT",
    "type": "message",
    "subject": "trade.l3match",
    "data": {
      "makerOrderId": "673f04a4d52cb80007c27083",
      "price": "2.98",
      "sequence": "5552100715280385",
      "side": "sell",
      "size": "4.36",
      "symbol": "MORPHO-USDT",
      "takerOrderId": "673f04ae1586c1000763c8ce",
      "time": "1732183214502000000",
      "tradeId": "5552100715280385",
      "type": "match",
      "time_before_que.put": "10:00:14.555",
      "seconds_from_release": 14.55548,
      "time_after_queue.get": "10:00:14.555"
    }
  },
  {
    "topic": "/market/match:MORPHO-USDT",
    "type": "message",
    "subject": "trade.l3match",
    "data": {
      "makerOrderId": "673f04a537061e0007090e99",
      "price": "2.98",
      "sequence": "5552100715280388",
      "side": "sell",
      "size": "101.39",
      "symbol": "MORPHO-USDT",
      "takerOrderId": "673f04ae1586c1000763c8ce",
      "time": "1732183214502000000",
      "tradeId": "5552100715280388",
      "type": "match",
      "time_before_que.put": "10:00:14.555",
      "seconds_from_release": 14.555884,
      "time_after_queue.get": "10:00:14.556"
    }
  },
  {
    "topic": "/market/match:MORPHO-USDT",
    "type": "message",
    "subject": "trade.l3match",
    "data": {
      "makerOrderId": "673f04ac31d0950007f06f01",
      "price": "2.98",
      "sequence": "5552100715280391",
      "side": "sell",
      "size": "9.57",
      "symbol": "MORPHO-USDT",
      "takerOrderId": "673f04ae1586c1000763c8ce",
      "time": "1732183214502000000",
      "tradeId": "5552100715280391",
      "type": "match",
      "time_before_que.put": "10:00:14.556",
      "seconds_from_release": 14.556188,
      "time_after_queue.get": "10:00:14.556"
    }
  },
  {
    "topic": "/market/match:MORPHO-USDT",
    "type": "message",
    "subject": "trade.l3match",
    "data": {
      "makerOrderId": "673f04a44fe7460007bfb63d",
      "price": "2.7648",
      "sequence": "5552100715280394",
      "side": "sell",
      "size": "99.64",
      "symbol": "MORPHO-USDT",
      "takerOrderId": "673f04ae1586c1000763c8ce",
      "time": "1732183214502000000",
      "tradeId": "5552100715280394",
      "type": "match",
      "time_before_que.put": "10:00:14.556",
      "seconds_from_release": 14.556555,
      "time_after_queue.get": "10:00:14.556"
    }
  },
  {
    "topic": "/market/match:MORPHO-USDT",
    "type": "message",
    "subject": "trade.l3match",
    "data": {
      "makerOrderId": "673f04a083982900074867e8",
      "price": "2.48",
      "sequence": "5552100715542529",
      "side": "sell",
      "size": "3",
      "symbol": "MORPHO-USDT",
      "takerOrderId": "673f04aef4a7c500075f94c6",
      "time": "1732183214503000000",
      "tradeId": "5552100715542529",
      "type": "match",
      "time_before_que.put": "10:00:14.556",
      "seconds_from_release": 14.556702,
      "time_after_queue.get": "10:00:14.556"
    }
  },
  {
    "topic": "/market/match:MORPHO-USDT",
    "type": "message",
    "subject": "trade.l3match",
    "data": {
      "makerOrderId": "673f04add52cb80007c2a85d",
      "price": "2.48",
      "sequence": "5552100715542532",
      "side": "sell",
      "size": "9.64",
      "symbol": "MORPHO-USDT",
      "takerOrderId": "673f04aef4a7c500075f94c6",
      "time": "1732183214503000000",
      "tradeId": "5552100715542532",
      "type": "match",
      "time_before_que.put": "10:00:14.556",
      "seconds_from_release": 14.556838,
      "time_after_queue.get": "10:00:14.556"
    }
  },
  {
    "topic": "/market/match:MORPHO-USDT",
    "type": "message",
    "subject": "trade.l3match",
    "data": {
      "makerOrderId": "673f04acae93cc00078d7d1d",
      "price": "2.1",
      "sequence": "5552100715673601",
      "side": "sell",
      "size": "61.17",
      "symbol": "MORPHO-USDT",
      "takerOrderId": "673f04ae088f0100076d828a",
      "time": "1732183214503000000",
      "tradeId": "5552100715673601",
      "type": "match",
      "time_before_que.put": "10:00:14.557",
      "seconds_from_release": 14.557004,
      "time_after_queue.get": "10:00:14.557"
    }
  },
  {
    "topic": "/market/match:MORPHO-USDT",
    "type": "message",
    "subject": "trade.l3match",
    "data": {
      "makerOrderId": "673f04acae93cc00078d7d1d",
      "price": "2.1",
      "sequence": "5552100724324353",
      "side": "sell",
      "size": "172.16",
      "symbol": "MORPHO-USDT",
      "takerOrderId": "673f04aeae93cc00078d86f8",
      "time": "1732183214526000000",
      "tradeId": "5552100724324353",
      "type": "match",
      "time_before_que.put": "10:00:14.577",
      "seconds_from_release": 14.577375,
      "time_after_queue.get": "10:00:14.577"
    }
  },
  {
    "topic": "/market/match:MORPHO-USDT",
    "type": "message",
    "subject": "trade.l3match",
    "data": {
      "makerOrderId": "673f04aec5ba7400074d238b",
      "price": "2.0765",
      "sequence": "5552100724324356",
      "side": "sell",
      "size": "70.35",
      "symbol": "MORPHO-USDT",
      "takerOrderId": "673f04aeae93cc00078d86f8",
      "time": "1732183214526000000",
      "tradeId": "5552100724324356",
      "type": "match",
      "time_before_que.put": "10:00:14.577",
      "seconds_from_release": 14.577576,
      "time_after_queue.get": "10:00:14.577"
    }
  },
  {
    "topic": "/market/match:MORPHO-USDT",
    "type": "message",
    "subject": "trade.l3match",
    "data": {
      "makerOrderId": "673f04ae088f0100076d81c4",
      "price": "2.0658",
      "sequence": "5552100724324359",
      "side": "sell",
      "size": "93.54",
      "symbol": "MORPHO-USDT",
      "takerOrderId": "673f04aeae93cc00078d86f8",
      "time": "1732183214526000000",
      "tradeId": "5552100724324359",
      "type": "match",
      "time_before_que.put": "10:00:14.577",
      "seconds_from_release": 14.577715,
      "time_after_queue.get": "10:00:14.577"
    }
  },
  {
    "topic": "/market/match:MORPHO-USDT",
    "type": "message",
    "subject": "trade.l3match",
    "data": {
      "makerOrderId": "673f04ae0d85530007e3f992",
      "price": "2.0445",
      "sequence": "5552100724324362",
      "side": "sell",
      "size": "140.24",
      "symbol": "MORPHO-USDT",
      "takerOrderId": "673f04aeae93cc00078d86f8",
      "time": "1732183214526000000",
      "tradeId": "5552100724324362",
      "type": "match",
      "time_before_que.put": "10:00:14.623",
      "seconds_from_release": 14.623635,
      "time_after_queue.get": "10:00:14.623"
    }
  },
  {
    "topic": "/market/match:MORPHO-USDT",
    "type": "message",
    "subject": "trade.l3match",
    "data": {
      "makerOrderId": "673f04ae68486d00074eb45c",
      "price": "2.0232",
      "sequence": "5552100724324365",
      "side": "sell",
      "size": "186.91",
      "symbol": "MORPHO-USDT",
      "takerOrderId": "673f04aeae93cc00078d86f8",
      "time": "1732183214526000000",
      "tradeId": "5552100724324365",
      "type": "match",
      "time_before_que.put": "10:00:14.623",
      "seconds_from_release": 14.623787,
      "time_after_queue.get": "10:00:14.623"
    }
  },
  {
    "topic": "/market/match:MORPHO-USDT",
    "type": "message",
    "subject": "trade.l3match",
    "data": {
      "makerOrderId": "673f04a0f4f12000077d854f",
      "price": "2",
      "sequence": "5552100724324368",
      "side": "sell",
      "size": "20",
      "symbol": "MORPHO-USDT",
      "takerOrderId": "673f04aeae93cc00078d86f8",
      "time": "1732183214526000000",
      "tradeId": "5552100724324368",
      "type": "match",
      "time_before_que.put": "10:00:14.623",
      "seconds_from_release": 14.623881,
      "time_after_queue.get": "10:00:14.623"
    }
  },
  {
    "topic": "/market/match:MORPHO-USDT",
    "type": "message",
    "subject": "trade.l3match",
    "data": {
      "makerOrderId": "673f04aaf15b27000765eb67",
      "price": "1.68",
      "sequence": "5552100725372929",
      "side": "sell",
      "size": "47.61",
      "symbol": "MORPHO-USDT",
      "takerOrderId": "673f04ae1586c1000763c8ed",
      "time": "1732183214528000000",
      "tradeId": "5552100725372929",
      "type": "match",
      "time_before_que.put": "10:00:14.624",
      "seconds_from_release": 14.624006,
      "time_after_queue.get": "10:00:14.624"
    }
  },
  {
    "topic": "/market/match:MORPHO-USDT",
    "type": "message",
    "subject": "trade.l3match",
    "data": {
      "makerOrderId": "673f04a8cf286a0007040540",
      "price": "1.6732",
      "sequence": "5552100725372932",
      "side": "sell",
      "size": "13.66",
      "symbol": "MORPHO-USDT",
      "takerOrderId": "673f04ae1586c1000763c8ed",
      "time": "1732183214528000000",
      "tradeId": "5552100725372932",
      "type": "match",
      "time_before_que.put": "10:00:14.624",
      "seconds_from_release": 14.624116,
      "time_after_queue.get": "10:00:14.624"
    }
  },
  {
    "topic": "/market/match:MORPHO-USDT",
    "type": "message",
    "subject": "trade.l3match",
    "data": {
      "makerOrderId": "673f04a8cf286a0007040540",
      "price": "1.6732",
      "sequence": "5552100725504001",
      "side": "sell",
      "size": "60.96",
      "symbol": "MORPHO-USDT",
      "takerOrderId": "673f04ae1586c1000763c8ef",
      "time": "1732183214528000000",
      "tradeId": "5552100725504001",
      "type": "match",
      "time_before_que.put": "10:00:14.624",
      "seconds_from_release": 14.624259,
      "time_after_queue.get": "10:00:14.624"
    }
  },
  {
    "topic": "/market/match:MORPHO-USDT",
    "type": "message",
    "subject": "trade.l3match",
    "data": {
      "makerOrderId": "673f04aef1bf40000759b0a6",
      "price": "2.204",
      "sequence": "5552100812666881",
      "side": "buy",
      "size": "6.54",
      "symbol": "MORPHO-USDT",
      "takerOrderId": "673f04ae0d85530007e3fb95",
      "time": "1732183214789000000",
      "tradeId": "5552100812666881",
      "type": "match",
      "time_before_que.put": "10:00:14.836",
      "seconds_from_release": 14.836264,
      "time_after_queue.get": "10:00:14.836"
    }
  },
  {
    "topic": "/market/match:MORPHO-USDT",
    "type": "message",
    "subject": "trade.l3match",
    "data": {
      "makerOrderId": "673f04afb7e21a0007297c92",
      "price": "3.0276",
      "sequence": "5552101077563393",
      "side": "sell",
      "size": "6.54",
      "symbol": "MORPHO-USDT",
      "takerOrderId": "673f04afc5ba7400074d294f",
      "time": "1732183215574000000",
      "tradeId": "5552101077563393",
      "type": "match",
      "time_before_que.put": "10:00:15.624",
      "seconds_from_release": 15.62402,
      "time_after_queue.get": "10:00:15.624"
    }
  },
  {
    "topic": "/market/match:MORPHO-USDT",
    "type": "message",
    "subject": "trade.l3match",
    "data": {
      "makerOrderId": "673f04afb7e21a0007297c92",
      "price": "3.0276",
      "sequence": "5552101111642113",
      "side": "sell",
      "size": "1.86",
      "symbol": "MORPHO-USDT",
      "takerOrderId": "673f04aff15b270007660640",
      "time": "1732183215682000000",
      "tradeId": "5552101111642113",
      "type": "match",
      "time_before_que.put": "10:00:15.732",
      "seconds_from_release": 15.732044,
      "time_after_queue.get": "10:00:15.732"
    }
  },
  {
    "topic": "/market/match:MORPHO-USDT",
    "type": "message",
    "subject": "trade.l3match",
    "data": {
      "makerOrderId": "673f04aff15b270007660640",
      "price": "3",
      "sequence": "5552101134710785",
      "side": "buy",
      "size": "2.37",
      "symbol": "MORPHO-USDT",
      "takerOrderId": "673f04afb7e21a0007297df7",
      "time": "1732183215748000000",
      "tradeId": "5552101134710785",
      "type": "match",
      "time_before_que.put": "10:00:15.794",
      "seconds_from_release": 15.794941,
      "time_after_queue.get": "10:00:15.795"
    }
  },
  {
    "topic": "/market/match:MORPHO-USDT",
    "type": "message",
    "subject": "trade.l3match",
    "data": {
      "makerOrderId": "673f04aff15b270007660640",
      "price": "3",
      "sequence": "5552101141264385",
      "side": "buy",
      "size": "2",
      "symbol": "MORPHO-USDT",
      "takerOrderId": "673f04af839829000748ca04",
      "time": "1732183215768000000",
      "tradeId": "5552101141264385",
      "type": "match",
      "time_before_que.put": "10:00:15.818",
      "seconds_from_release": 15.818203,
      "time_after_queue.get": "10:00:15.818"
    }
  },
  {
    "topic": "/market/match:MORPHO-USDT",
    "type": "message",
    "subject": "trade.l3match",
    "data": {
      "makerOrderId": "673f04b0f15b270007660805",
      "price": "2.231",
      "sequence": "5552101318211585",
      "side": "buy",
      "size": "1.67",
      "symbol": "MORPHO-USDT",
      "takerOrderId": "673f04b04fe7460007bffb24",
      "time": "1732183216293000000",
      "tradeId": "5552101318211585",
      "type": "match",
      "time_before_que.put": "10:00:16.338",
      "seconds_from_release": 16.338737,
      "time_after_queue.get": "10:00:16.339"
    }
  },
  {
    "topic": "/market/match:MORPHO-USDT",
    "type": "message",
    "subject": "trade.l3match",
    "data": {
      "makerOrderId": "673f04b11586c1000763d6ad",
      "price": "2",
      "sequence": "5552101880248321",
      "side": "sell",
      "size": "431.7",
      "symbol": "MORPHO-USDT",
      "takerOrderId": "673f04b10d85530007e40a4c",
      "time": "1732183217909000000",
      "tradeId": "5552101880248321",
      "type": "match",
      "time_before_que.put": "10:00:17.960",
      "seconds_from_release": 17.960539,
      "time_after_queue.get": "10:00:17.960"
    }
  },
  {
    "topic": "/market/match:MORPHO-USDT",
    "type": "message",
    "subject": "trade.l3match",
    "data": {
      "makerOrderId": "673f04b131d0950007f08596",
      "price": "2.254",
      "sequence": "5552102318815233",
      "side": "buy",
      "size": "2.77",
      "symbol": "MORPHO-USDT",
      "takerOrderId": "673f04b3f15b2700076617db",
      "time": "1732183219052000000",
      "tradeId": "5552102318815233",
      "type": "match",
      "time_before_que.put": "10:00:19.103",
      "seconds_from_release": 19.103967,
      "time_after_queue.get": "10:00:19.104"
    }
  },
  {
    "topic": "/market/match:MORPHO-USDT",
    "type": "message",
    "subject": "trade.l3match",
    "data": {
      "makerOrderId": "673f04b131d0950007f08596",
      "price": "2.254",
      "sequence": "5552102396803073",
      "side": "buy",
      "size": "44.29",
      "symbol": "MORPHO-USDT",
      "takerOrderId": "673f04b31586c1000763e0ac",
      "time": "1732183219314000000",
      "tradeId": "5552102396803073",
      "type": "match",
      "time_before_que.put": "10:00:19.364",
      "seconds_from_release": 19.364725,
      "time_after_queue.get": "10:00:19.364"
    }
  },
  {
    "topic": "/market/match:MORPHO-USDT",
    "type": "message",
    "subject": "trade.l3match",
    "data": {
      "makerOrderId": "673f04b131d0950007f08596",
      "price": "2.254",
      "sequence": "5552102400079873",
      "side": "buy",
      "size": "9.92",
      "symbol": "MORPHO-USDT",
      "takerOrderId": "673f04b3839829000748dbeb",
      "time": "1732183219326000000",
      "tradeId": "5552102400079873",
      "type": "match",
      "time_before_que.put": "10:00:19.376",
      "seconds_from_release": 19.376364,
      "time_after_queue.get": "10:00:19.376"
    }
  },
  {
    "topic": "/market/match:MORPHO-USDT",
    "type": "message",
    "subject": "trade.l3match",
    "data": {
      "makerOrderId": "673f04b3088f0100076d9bb9",
      "price": "2.25",
      "sequence": "5552102481999873",
      "side": "buy",
      "size": "174.35",
      "symbol": "MORPHO-USDT",
      "takerOrderId": "673f04b3ae93cc00078da042",
      "time": "1732183219614000000",
      "tradeId": "5552102481999873",
      "type": "match",
      "time_before_que.put": "10:00:19.660",
      "seconds_from_release": 19.66061,
      "time_after_queue.get": "10:00:19.660"
    }
  },
  {
    "topic": "/market/match:MORPHO-USDT",
    "type": "message",
    "subject": "trade.l3match",
    "data": {
      "makerOrderId": "673f04b331d0950007f0907a",
      "price": "2.1728",
      "sequence": "5552102522370049",
      "side": "sell",
      "size": "44.91",
      "symbol": "MORPHO-USDT",
      "takerOrderId": "673f04b3f4f12000077dfc40",
      "time": "1732183219727000000",
      "tradeId": "5552102522370049",
      "type": "match",
      "time_before_que.put": "10:00:19.776",
      "seconds_from_release": 19.776745,
      "time_after_queue.get": "10:00:19.776"
    }
  },
  {
    "topic": "/market/match:MORPHO-USDT",
    "type": "message",
    "subject": "trade.l3match",
    "data": {
      "makerOrderId": "673f04b3f15b2700076619c9",
      "price": "2.1617",
      "sequence": "5552102522370052",
      "side": "sell",
      "size": "2.7",
      "symbol": "MORPHO-USDT",
      "takerOrderId": "673f04b3f4f12000077dfc40",
      "time": "1732183219727000000",
      "tradeId": "5552102522370052",
      "type": "match",
      "time_before_que.put": "10:00:19.776",
      "seconds_from_release": 19.776922,
      "time_after_queue.get": "10:00:19.777"
    }
  },
  {
    "topic": "/market/match:MORPHO-USDT",
    "type": "message",
    "subject": "trade.l3match",
    "data": {
      "makerOrderId": "673f04b3088f0100076d9bb9",
      "price": "2.25",
      "sequence": "5552103223605249",
      "side": "buy",
      "size": "6.3",
      "symbol": "MORPHO-USDT",
      "takerOrderId": "673f04b5839829000748e740",
      "time": "1732183221629000000",
      "tradeId": "5552103223605249",
      "type": "match",
      "time_before_que.put": "10:00:21.680",
      "seconds_from_release": 21.680693,
      "time_after_queue.get": "10:00:21.681"
    }
  },
  {
    "topic": "/market/match:MORPHO-USDT",
    "type": "message",
    "subject": "trade.l3match",
    "data": {
      "makerOrderId": "673f04b4ae93cc00078da2b0",
      "price": "2.231",
      "sequence": "5552103299364865",
      "side": "sell",
      "size": "31.34",
      "symbol": "MORPHO-USDT",
      "takerOrderId": "673f04b5cf286a0007044b27",
      "time": "1732183221828000000",
      "tradeId": "5552103299364865",
      "type": "match",
      "time_before_que.put": "10:00:21.879",
      "seconds_from_release": 21.879169,
      "time_after_queue.get": "10:00:21.879"
    }
  },
  {
    "topic": "/market/match:MORPHO-USDT",
    "type": "message",
    "subject": "trade.l3match",
    "data": {
      "makerOrderId": "673f04b61586c1000763f100",
      "price": "2.2406",
      "sequence": "5552103628355587",
      "side": "buy",
      "size": "33.28",
      "symbol": "MORPHO-USDT",
      "takerOrderId": "673f04b6c5ba7400074d4e6f",
      "time": "1732183222639000000",
      "tradeId": "5552103628355587",
      "type": "match",
      "time_before_que.put": "10:00:22.689",
      "seconds_from_release": 22.689828,
      "time_after_queue.get": "10:00:22.689"
    }
  },
  {
    "topic": "/market/match:MORPHO-USDT",
    "type": "message",
    "subject": "trade.l3match",
    "data": {
      "makerOrderId": "673f04b61586c1000763f100",
      "price": "2.2406",
      "sequence": "5552103651686401",
      "side": "buy",
      "size": "4.34",
      "symbol": "MORPHO-USDT",
      "takerOrderId": "673f04b6cf286a0007045168",
      "time": "1732183222714000000",
      "tradeId": "5552103651686401",
      "type": "match",
      "time_before_que.put": "10:00:22.759",
      "seconds_from_release": 22.759296,
      "time_after_queue.get": "10:00:22.759"
    }
  },
  {
    "topic": "/market/match:MORPHO-USDT",
    "type": "message",
    "subject": "trade.l3match",
    "data": {
      "makerOrderId": "673f04b3088f0100076d9bb9",
      "price": "2.25",
      "sequence": "5552103802157057",
      "side": "buy",
      "size": "1",
      "symbol": "MORPHO-USDT",
      "takerOrderId": "673f04b76967d30007c908f2",
      "time": "1732183223076000000",
      "tradeId": "5552103802157057",
      "type": "match",
      "time_before_que.put": "10:00:23.127",
      "seconds_from_release": 23.12735,
      "time_after_queue.get": "10:00:23.127"
    }
  },
  {
    "topic": "/market/match:MORPHO-USDT",
    "type": "message",
    "subject": "trade.l3match",
    "data": {
      "makerOrderId": "673f04b4ae93cc00078da2b0",
      "price": "2.231",
      "sequence": "5552103952234497",
      "side": "sell",
      "size": "0.86",
      "symbol": "MORPHO-USDT",
      "takerOrderId": "673f04b7088f0100076db1b1",
      "time": "1732183223543000000",
      "tradeId": "5552103952234497",
      "type": "match",
      "time_before_que.put": "10:00:23.593",
      "seconds_from_release": 23.593144,
      "time_after_queue.get": "10:00:23.593"
    }
  },
  {
    "topic": "/market/match:MORPHO-USDT",
    "type": "message",
    "subject": "trade.l3match",
    "data": {
      "makerOrderId": "673f04b7088f0100076db1b1",
      "price": "2.1737",
      "sequence": "5552104121448449",
      "side": "buy",
      "size": "44.78",
      "symbol": "MORPHO-USDT",
      "takerOrderId": "673f04b768486d00074ee654",
      "time": "1732183224025000000",
      "tradeId": "5552104121448449",
      "type": "match",
      "time_before_que.put": "10:00:24.071",
      "seconds_from_release": 24.071527,
      "time_after_queue.get": "10:00:24.071"
    }
  },
  {
    "topic": "/market/match:MORPHO-USDT",
    "type": "message",
    "subject": "trade.l3match",
    "data": {
      "makerOrderId": "673f04b8c65bf70007f8cf16",
      "price": "2.1736",
      "sequence": "5552104369567745",
      "side": "buy",
      "size": "43.06",
      "symbol": "MORPHO-USDT",
      "takerOrderId": "673f04b8cf286a0007045b7b",
      "time": "1732183224870000000",
      "tradeId": "5552104369567745",
      "type": "match",
      "time_before_que.put": "10:00:24.920",
      "seconds_from_release": 24.920974,
      "time_after_queue.get": "10:00:24.921"
    }
  },
  {
    "topic": "/market/match:MORPHO-USDT",
    "type": "message",
    "subject": "trade.l3match",
    "data": {
      "makerOrderId": "673f04b837061e000709778d",
      "price": "2.1736",
      "sequence": "5552104475211777",
      "side": "buy",
      "size": "1.01",
      "symbol": "MORPHO-USDT",
      "takerOrderId": "673f04b96967d30007c91333",
      "time": "1732183225155000000",
      "tradeId": "5552104475211777",
      "type": "match",
      "time_before_que.put": "10:00:25.205",
      "seconds_from_release": 25.205242,
      "time_after_queue.get": "10:00:25.205"
    }
  },
  {
    "topic": "/market/match:MORPHO-USDT",
    "type": "message",
    "subject": "trade.l3match",
    "data": {
      "makerOrderId": "673f04b8f15b270007663380",
      "price": "2.1617",
      "sequence": "5552104739715073",
      "side": "sell",
      "size": "23.21",
      "symbol": "MORPHO-USDT",
      "takerOrderId": "673f04ba68486d00074eefa3",
      "time": "1732183226034000000",
      "tradeId": "5552104739715073",
      "type": "match",
      "time_before_que.put": "10:00:26.086",
      "seconds_from_release": 26.086683,
      "time_after_queue.get": "10:00:26.086"
    }
  },
  {
    "topic": "/market/match:MORPHO-USDT",
    "type": "message",
    "subject": "trade.l3match",
    "data": {
      "makerOrderId": "673f04b9f4a7c500075fcca4",
      "price": "2.1244",
      "sequence": "5552104739715076",
      "side": "sell",
      "size": "95.83",
      "symbol": "MORPHO-USDT",
      "takerOrderId": "673f04ba68486d00074eefa3",
      "time": "1732183226034000000",
      "tradeId": "5552104739715076",
      "type": "match",
      "time_before_que.put": "10:00:26.086",
      "seconds_from_release": 26.086977,
      "time_after_queue.get": "10:00:26.087"
    }
  },
  {
    "topic": "/market/match:MORPHO-USDT",
    "type": "message",
    "subject": "trade.l3match",
    "data": {
      "makerOrderId": "673f04b9c5ba7400074d5c0f",
      "price": "2.1244",
      "sequence": "5552104739715079",
      "side": "sell",
      "size": "44.63",
      "symbol": "MORPHO-USDT",
      "takerOrderId": "673f04ba68486d00074eefa3",
      "time": "1732183226034000000",
      "tradeId": "5552104739715079",
      "type": "match",
      "time_before_que.put": "10:00:26.087",
      "seconds_from_release": 26.087287,
      "time_after_queue.get": "10:00:26.087"
    }
  },
  {
    "topic": "/market/match:MORPHO-USDT",
    "type": "message",
    "subject": "trade.l3match",
    "data": {
      "makerOrderId": "673f04b9c5ba7400074d5b1c",
      "price": "2.1243",
      "sequence": "5552104739715082",
      "side": "sell",
      "size": "12.34",
      "symbol": "MORPHO-USDT",
      "takerOrderId": "673f04ba68486d00074eefa3",
      "time": "1732183226034000000",
      "tradeId": "5552104739715082",
      "type": "match",
      "time_before_que.put": "10:00:26.087",
      "seconds_from_release": 26.087459,
      "time_after_queue.get": "10:00:26.087"
    }
  },
  {
    "topic": "/market/match:MORPHO-USDT",
    "type": "message",
    "subject": "trade.l3match",
    "data": {
      "makerOrderId": "673f04b86967d30007c90ec0",
      "price": "2.0094",
      "sequence": "5552104739715085",
      "side": "sell",
      "size": "10.25",
      "symbol": "MORPHO-USDT",
      "takerOrderId": "673f04ba68486d00074eefa3",
      "time": "1732183226034000000",
      "tradeId": "5552104739715085",
      "type": "match",
      "time_before_que.put": "10:00:26.087",
      "seconds_from_release": 26.087642,
      "time_after_queue.get": "10:00:26.088"
    }
  },
  {
    "topic": "/market/match:MORPHO-USDT",
    "type": "message",
    "subject": "trade.l3match",
    "data": {
      "makerOrderId": "673f04b44fe7460007c01357",
      "price": "2",
      "sequence": "5552104739715088",
      "side": "sell",
      "size": "48.61",
      "symbol": "MORPHO-USDT",
      "takerOrderId": "673f04ba68486d00074eefa3",
      "time": "1732183226034000000",
      "tradeId": "5552104739715088",
      "type": "match",
      "time_before_que.put": "10:00:26.087",
      "seconds_from_release": 26.087782,
      "time_after_queue.get": "10:00:26.088"
    }
  },
  {
    "topic": "/market/match:MORPHO-USDT",
    "type": "message",
    "subject": "trade.l3match",
    "data": {
      "makerOrderId": "673f04b9c65bf70007f8d367",
      "price": "1.8292",
      "sequence": "5552104740763649",
      "side": "sell",
      "size": "691.33",
      "symbol": "MORPHO-USDT",
      "takerOrderId": "673f04ba088f0100076dbd3a",
      "time": "1732183226035000000",
      "tradeId": "5552104740763649",
      "type": "match",
      "time_before_que.put": "10:00:26.087",
      "seconds_from_release": 26.087906,
      "time_after_queue.get": "10:00:26.088"
    }
  },
  {
    "topic": "/market/match:MORPHO-USDT",
    "type": "message",
    "subject": "trade.l3match",
    "data": {
      "makerOrderId": "673f04b60d85530007e4265e",
      "price": "1.8291",
      "sequence": "5552104740763652",
      "side": "sell",
      "size": "273.35",
      "symbol": "MORPHO-USDT",
      "takerOrderId": "673f04ba088f0100076dbd3a",
      "time": "1732183226035000000",
      "tradeId": "5552104740763652",
      "type": "match",
      "time_before_que.put": "10:00:26.088",
      "seconds_from_release": 26.088052,
      "time_after_queue.get": "10:00:26.088"
    }
  },
  {
    "topic": "/market/match:MORPHO-USDT",
    "type": "message",
    "subject": "trade.l3match",
    "data": {
      "makerOrderId": "673f04b767cdc90007113353",
      "price": "1.82",
      "sequence": "5552104820848641",
      "side": "sell",
      "size": "54.94",
      "symbol": "MORPHO-USDT",
      "takerOrderId": "673f04baf15b270007663cc1",
      "time": "1732183226298000000",
      "tradeId": "5552104820848641",
      "type": "match",
      "time_before_que.put": "10:00:26.344",
      "seconds_from_release": 26.344973,
      "time_after_queue.get": "10:00:26.345"
    }
  },
  {
    "topic": "/market/match:MORPHO-USDT",
    "type": "message",
    "subject": "trade.l3match",
    "data": {
      "makerOrderId": "673f04baae93cc00078dc238",
      "price": "1.8292",
      "sequence": "5552104847194113",
      "side": "buy",
      "size": "13.01",
      "symbol": "MORPHO-USDT",
      "takerOrderId": "673f04baf1bf40000759eb52",
      "time": "1732183226371000000",
      "tradeId": "5552104847194113",
      "type": "match",
      "time_before_que.put": "10:00:26.418",
      "seconds_from_release": 26.418398,
      "time_after_queue.get": "10:00:26.418"
    }
  },
  {
    "topic": "/market/match:MORPHO-USDT",
    "type": "message",
    "subject": "trade.l3match",
    "data": {
      "makerOrderId": "673f04baf1bf40000759eb5f",
      "price": "1.829",
      "sequence": "5552104878651393",
      "side": "sell",
      "size": "13.66",
      "symbol": "MORPHO-USDT",
      "takerOrderId": "673f04bac65bf70007f8d91f",
      "time": "1732183226477000000",
      "tradeId": "5552104878651393",
      "type": "match",
      "time_before_que.put": "10:00:26.527",
      "seconds_from_release": 26.527707,
      "time_after_queue.get": "10:00:26.528"
    }
  },
  {
    "topic": "/market/match:MORPHO-USDT",
    "type": "message",
    "subject": "trade.l3match",
    "data": {
      "makerOrderId": "673f04ba839829000749020f",
      "price": "1.7701",
      "sequence": "5552105200433153",
      "side": "buy",
      "size": "12.63",
      "symbol": "MORPHO-USDT",
      "takerOrderId": "673f04bb68486d00074ef5c9",
      "time": "1732183227415000000",
      "tradeId": "5552105200433153",
      "type": "match",
      "time_before_que.put": "10:00:27.465",
      "seconds_from_release": 27.4655,
      "time_after_queue.get": "10:00:27.465"
    }
  },
  {
    "topic": "/market/match:MORPHO-USDT",
    "type": "message",
    "subject": "trade.l3match",
    "data": {
      "makerOrderId": "673f04bcd52cb80007c2f064",
      "price": "1.7332",
      "sequence": "5552105524574209",
      "side": "sell",
      "size": "5.28",
      "symbol": "MORPHO-USDT",
      "takerOrderId": "673f04bc67cdc90007114933",
      "time": "1732183228181000000",
      "tradeId": "5552105524574209",
      "type": "match",
      "time_before_que.put": "10:00:28.235",
      "seconds_from_release": 28.23594,
      "time_after_queue.get": "10:00:28.236"
    }
  },
  {
    "topic": "/market/match:MORPHO-USDT",
    "type": "message",
    "subject": "trade.l3match",
    "data": {
      "makerOrderId": "673f04bbd52cb80007c2ed9d",
      "price": "1.77",
      "sequence": "5552105549871105",
      "side": "buy",
      "size": "95.8",
      "symbol": "MORPHO-USDT",
      "takerOrderId": "673f04bc1586c10007640e1b",
      "time": "1732183228263000000",
      "tradeId": "5552105549871105",
      "type": "match",
      "time_before_que.put": "10:00:28.312",
      "seconds_from_release": 28.312859,
      "time_after_queue.get": "10:00:28.313"
    }
  },
  {
    "topic": "/market/match:MORPHO-USDT",
    "type": "message",
    "subject": "trade.l3match",
    "data": {
      "makerOrderId": "673f04bbb7e21a000729b8e1",
      "price": "1.77",
      "sequence": "5552105549871108",
      "side": "buy",
      "size": "44.61",
      "symbol": "MORPHO-USDT",
      "takerOrderId": "673f04bc1586c10007640e1b",
      "time": "1732183228263000000",
      "tradeId": "5552105549871108",
      "type": "match",
      "time_before_que.put": "10:00:28.313",
      "seconds_from_release": 28.313103,
      "time_after_queue.get": "10:00:28.313"
    }
  },
  {
    "topic": "/market/match:MORPHO-USDT",
    "type": "message",
    "subject": "trade.l3match",
    "data": {
      "makerOrderId": "673f04bbb7e21a000729ba72",
      "price": "1.77",
      "sequence": "5552105549871111",
      "side": "buy",
      "size": "24.75",
      "symbol": "MORPHO-USDT",
      "takerOrderId": "673f04bc1586c10007640e1b",
      "time": "1732183228263000000",
      "tradeId": "5552105549871111",
      "type": "match",
      "time_before_que.put": "10:00:28.313",
      "seconds_from_release": 28.313388,
      "time_after_queue.get": "10:00:28.313"
    }
  },
  {
    "topic": "/market/match:MORPHO-USDT",
    "type": "message",
    "subject": "trade.l3match",
    "data": {
      "makerOrderId": "673f04ba839829000749020f",
      "price": "1.7701",
      "sequence": "5552105549871114",
      "side": "buy",
      "size": "302.96",
      "symbol": "MORPHO-USDT",
      "takerOrderId": "673f04bc1586c10007640e1b",
      "time": "1732183228263000000",
      "tradeId": "5552105549871114",
      "type": "match",
      "time_before_que.put": "10:00:28.313",
      "seconds_from_release": 28.313682,
      "time_after_queue.get": "10:00:28.313"
    }
  },
  {
    "topic": "/market/match:MORPHO-USDT",
    "type": "message",
    "subject": "trade.l3match",
    "data": {
      "makerOrderId": "673f04ba839829000749020f",
      "price": "1.7701",
      "sequence": "5552105740974081",
      "side": "buy",
      "size": "1.33",
      "symbol": "MORPHO-USDT",
      "takerOrderId": "673f04bcb7e21a000729be47",
      "time": "1732183228797000000",
      "tradeId": "5552105740974081",
      "type": "match",
      "time_before_que.put": "10:00:28.847",
      "seconds_from_release": 28.847457,
      "time_after_queue.get": "10:00:28.847"
    }
  },
  {
    "topic": "/market/match:MORPHO-USDT",
    "type": "message",
    "subject": "trade.l3match",
    "data": {
      "makerOrderId": "673f04bd67cdc90007114d4d",
      "price": "1.7326",
      "sequence": "5552105918183425",
      "side": "sell",
      "size": "109.77",
      "symbol": "MORPHO-USDT",
      "takerOrderId": "673f04bdf1bf40000759f85b",
      "time": "1732183229261000000",
      "tradeId": "5552105918183425",
      "type": "match",
      "time_before_que.put": "10:00:29.310",
      "seconds_from_release": 29.31029,
      "time_after_queue.get": "10:00:29.310"
    }
  },
  {
    "topic": "/market/match:MORPHO-USDT",
    "type": "message",
    "subject": "trade.l3match",
    "data": {
      "makerOrderId": "673f04bc4fe7460007c03978",
      "price": "1.7325",
      "sequence": "5552105918183428",
      "side": "sell",
      "size": "23.05",
      "symbol": "MORPHO-USDT",
      "takerOrderId": "673f04bdf1bf40000759f85b",
      "time": "1732183229261000000",
      "tradeId": "5552105918183428",
      "type": "match",
      "time_before_que.put": "10:00:29.310",
      "seconds_from_release": 29.310556,
      "time_after_queue.get": "10:00:29.310"
    }
  },
  {
    "topic": "/market/match:MORPHO-USDT",
    "type": "message",
    "subject": "trade.l3match",
    "data": {
      "makerOrderId": "673f04bdf15b27000766491d",
      "price": "1.7325",
      "sequence": "5552105918183431",
      "side": "sell",
      "size": "55.51",
      "symbol": "MORPHO-USDT",
      "takerOrderId": "673f04bdf1bf40000759f85b",
      "time": "1732183229261000000",
      "tradeId": "5552105918183431",
      "type": "match",
      "time_before_que.put": "10:00:29.310",
      "seconds_from_release": 29.310667,
      "time_after_queue.get": "10:00:29.310"
    }
  },
  {
    "topic": "/market/match:MORPHO-USDT",
    "type": "message",
    "subject": "trade.l3match",
    "data": {
      "makerOrderId": "673f04bc0d85530007e441ac",
      "price": "1.7324",
      "sequence": "5552105918183434",
      "side": "sell",
      "size": "85.02",
      "symbol": "MORPHO-USDT",
      "takerOrderId": "673f04bdf1bf40000759f85b",
      "time": "1732183229261000000",
      "tradeId": "5552105918183434",
      "type": "match",
      "time_before_que.put": "10:00:29.310",
      "seconds_from_release": 29.310754,
      "time_after_queue.get": "10:00:29.310"
    }
  },
  {
    "topic": "/market/match:MORPHO-USDT",
    "type": "message",
    "subject": "trade.l3match",
    "data": {
      "makerOrderId": "673f04bdc5ba7400074d6e2a",
      "price": "1.8289",
      "sequence": "5552105990928385",
      "side": "buy",
      "size": "14.19",
      "symbol": "MORPHO-USDT",
      "takerOrderId": "673f04bd1586c100076412fb",
      "time": "1732183229486000000",
      "tradeId": "5552105990928385",
      "type": "match",
      "time_before_que.put": "10:00:29.536",
      "seconds_from_release": 29.536548,
      "time_after_queue.get": "10:00:29.536"
    }
  },
  {
    "topic": "/market/match:MORPHO-USDT",
    "type": "message",
    "subject": "trade.l3match",
    "data": {
      "makerOrderId": "673f04bd37061e0007098e54",
      "price": "1.7328",
      "sequence": "5552106239965185",
      "side": "sell",
      "size": "3.08",
      "symbol": "MORPHO-USDT",
      "takerOrderId": "673f04bef15b270007664e6a",
      "time": "1732183230206000000",
      "tradeId": "5552106239965185",
      "type": "match",
      "time_before_que.put": "10:00:30.257",
      "seconds_from_release": 30.257569,
      "time_after_queue.get": "10:00:30.257"
    }
  },
  {
    "topic": "/market/match:MORPHO-USDT",
    "type": "message",
    "subject": "trade.l3match",
    "data": {
      "makerOrderId": "673f04bd0d85530007e444ab",
      "price": "1.7325",
      "sequence": "5552106239965188",
      "side": "sell",
      "size": "10.28",
      "symbol": "MORPHO-USDT",
      "takerOrderId": "673f04bef15b270007664e6a",
      "time": "1732183230206000000",
      "tradeId": "5552106239965188",
      "type": "match",
      "time_before_que.put": "10:00:30.257",
      "seconds_from_release": 30.257764,
      "time_after_queue.get": "10:00:30.257"
    }
  },
  {
    "topic": "/market/match:MORPHO-USDT",
    "type": "message",
    "subject": "trade.l3match",
    "data": {
      "makerOrderId": "673f04bef15b270007664e6a",
      "price": "1.7304",
      "sequence": "5552106246387713",
      "side": "buy",
      "size": "44.43",
      "symbol": "MORPHO-USDT",
      "takerOrderId": "673f04bec65bf70007f8e9c7",
      "time": "1732183230233000000",
      "tradeId": "5552106246387713",
      "type": "match",
      "time_before_que.put": "10:00:30.283",
      "seconds_from_release": 30.283073,
      "time_after_queue.get": "10:00:30.283"
    }
  },
  {
    "topic": "/market/match:MORPHO-USDT",
    "type": "message",
    "subject": "trade.l3match",
    "data": {
      "makerOrderId": "673f04be83982900074910da",
      "price": "1.7355",
      "sequence": "5552106246387716",
      "side": "buy",
      "size": "7.24",
      "symbol": "MORPHO-USDT",
      "takerOrderId": "673f04bec65bf70007f8e9c7",
      "time": "1732183230233000000",
      "tradeId": "5552106246387716",
      "type": "match",
      "time_before_que.put": "10:00:30.283",
      "seconds_from_release": 30.283304,
      "time_after_queue.get": "10:00:30.283"
    }
  },
  {
    "topic": "/market/match:MORPHO-USDT",
    "type": "message",
    "subject": "trade.l3match",
    "data": {
      "makerOrderId": "673f04bedf6f6e000739b47a",
      "price": "1.8291",
      "sequence": "5552106313103361",
      "side": "buy",
      "size": "51.67",
      "symbol": "MORPHO-USDT",
      "takerOrderId": "673f04becf286a00070474f0",
      "time": "1732183230470000000",
      "tradeId": "5552106313103361",
      "type": "match",
      "time_before_que.put": "10:00:30.520",
      "seconds_from_release": 30.520962,
      "time_after_queue.get": "10:00:30.521"
    }
  },
  {
    "topic": "/market/match:MORPHO-USDT",
    "type": "message",
    "subject": "trade.l3match",
    "data": {
      "makerOrderId": "673f04bedf6f6e000739b47a",
      "price": "1.8291",
      "sequence": "5552106316511233",
      "side": "buy",
      "size": "5.25",
      "symbol": "MORPHO-USDT",
      "takerOrderId": "673f04be31d0950007f0c664",
      "time": "1732183230477000000",
      "tradeId": "5552106316511233",
      "type": "match",
      "time_before_que.put": "10:00:30.528",
      "seconds_from_release": 30.528538,
      "time_after_queue.get": "10:00:30.528"
    }
  },
  {
    "id": "1732183230468",
    "type": "pong",
    "timestamp": 1732183230503622
  },
  {
    "topic": "/market/match:MORPHO-USDT",
    "type": "message",
    "subject": "trade.l3match",
    "data": {
      "makerOrderId": "673f04bedf6f6e000739b47a",
      "price": "1.8291",
      "sequence": "5552106342725633",
      "side": "buy",
      "size": "2.3",
      "symbol": "MORPHO-USDT",
      "takerOrderId": "673f04bef1bf40000759fe3b",
      "time": "1732183230563000000",
      "tradeId": "5552106342725633",
      "type": "match",
      "time_before_que.put": "10:00:30.613",
      "seconds_from_release": 30.613409,
      "time_after_queue.get": "10:00:30.613"
    }
  },
  {
    "topic": "/market/match:MORPHO-USDT",
    "type": "message",
    "subject": "trade.l3match",
    "data": {
      "makerOrderId": "673f04bedf6f6e000739b47a",
      "price": "1.8291",
      "sequence": "5552106362124289",
      "side": "buy",
      "size": "36.36",
      "symbol": "MORPHO-USDT",
      "takerOrderId": "673f04be83982900074912ad",
      "time": "1732183230618000000",
      "tradeId": "5552106362124289",
      "type": "match",
      "time_before_que.put": "10:00:30.669",
      "seconds_from_release": 30.669414,
      "time_after_queue.get": "10:00:30.669"
    }
  },
  {
    "topic": "/market/match:MORPHO-USDT",
    "type": "message",
    "subject": "trade.l3match",
    "data": {
      "makerOrderId": "673f04beb7e21a000729c560",
      "price": "1.8291",
      "sequence": "5552106362124292",
      "side": "buy",
      "size": "15.31",
      "symbol": "MORPHO-USDT",
      "takerOrderId": "673f04be83982900074912ad",
      "time": "1732183230618000000",
      "tradeId": "5552106362124292",
      "type": "match",
      "time_before_que.put": "10:00:30.669",
      "seconds_from_release": 30.669742,
      "time_after_queue.get": "10:00:30.669"
    }
  },
  {
    "topic": "/market/match:MORPHO-USDT",
    "type": "message",
    "subject": "trade.l3match",
    "data": {
      "makerOrderId": "673f04b767cdc900071135e8",
      "price": "1.7005",
      "sequence": "5552106411145217",
      "side": "sell",
      "size": "58.26",
      "symbol": "MORPHO-USDT",
      "takerOrderId": "673f04bed52cb80007c2fc4d",
      "time": "1732183230807000000",
      "tradeId": "5552106411145217",
      "type": "match",
      "time_before_que.put": "10:00:30.857",
      "seconds_from_release": 30.857259,
      "time_after_queue.get": "10:00:30.857"
    }
  },
  {
    "topic": "/market/match:MORPHO-USDT",
    "type": "message",
    "subject": "trade.l3match",
    "data": {
      "makerOrderId": "673f04bb088f0100076dc1db",
      "price": "1.7",
      "sequence": "5552106411145220",
      "side": "sell",
      "size": "29.05",
      "symbol": "MORPHO-USDT",
      "takerOrderId": "673f04bed52cb80007c2fc4d",
      "time": "1732183230807000000",
      "tradeId": "5552106411145220",
      "type": "match",
      "time_before_que.put": "10:00:30.857",
      "seconds_from_release": 30.857394,
      "time_after_queue.get": "10:00:30.857"
    }
  },
  {
    "topic": "/market/match:MORPHO-USDT",
    "type": "message",
    "subject": "trade.l3match",
    "data": {
      "makerOrderId": "673f04bfcf286a0007047812",
      "price": "1.6818",
      "sequence": "5552106559125505",
      "side": "buy",
      "size": "11.75",
      "symbol": "MORPHO-USDT",
      "takerOrderId": "673f04bf68486d00074f0731",
      "time": "1732183231265000000",
      "tradeId": "5552106559125505",
      "type": "match",
      "time_before_que.put": "10:00:31.315",
      "seconds_from_release": 31.315897,
      "time_after_queue.get": "10:00:31.315"
    }
  },
  {
    "topic": "/market/match:MORPHO-USDT",
    "type": "message",
    "subject": "trade.l3match",
    "data": {
      "makerOrderId": "673f04bfcf286a0007047812",
      "price": "1.6818",
      "sequence": "5552106604607489",
      "side": "buy",
      "size": "11.5",
      "symbol": "MORPHO-USDT",
      "takerOrderId": "673f04bf31d0950007f0cab9",
      "time": "1732183231406000000",
      "tradeId": "5552106604607489",
      "type": "match",
      "time_before_que.put": "10:00:31.455",
      "seconds_from_release": 31.455603,
      "time_after_queue.get": "10:00:31.455"
    }
  },
  {
    "topic": "/market/match:MORPHO-USDT",
    "type": "message",
    "subject": "trade.l3match",
    "data": {
      "makerOrderId": "673f04bf0d85530007e44ddc",
      "price": "1.6812",
      "sequence": "5552106728994817",
      "side": "buy",
      "size": "1.53",
      "symbol": "MORPHO-USDT",
      "takerOrderId": "673f04bf67cdc9000711593f",
      "time": "1732183231840000000",
      "tradeId": "5552106728994817",
      "type": "match",
      "time_before_que.put": "10:00:31.892",
      "seconds_from_release": 31.892214,
      "time_after_queue.get": "10:00:31.892"
    }
  },
  {
    "topic": "/market/match:MORPHO-USDT",
    "type": "message",
    "subject": "trade.l3match",
    "data": {
      "makerOrderId": "673f04bfcf286a0007047812",
      "price": "1.6818",
      "sequence": "5552106728994820",
      "side": "buy",
      "size": "89.27",
      "symbol": "MORPHO-USDT",
      "takerOrderId": "673f04bf67cdc9000711593f",
      "time": "1732183231840000000",
      "tradeId": "5552106728994820",
      "type": "match",
      "time_before_que.put": "10:00:31.892",
      "seconds_from_release": 31.89244,
      "time_after_queue.get": "10:00:31.892"
    }
  },
  {
    "topic": "/market/match:MORPHO-USDT",
    "type": "message",
    "subject": "trade.l3match",
    "data": {
      "makerOrderId": "673f04bf1586c10007641bad",
      "price": "1.6867",
      "sequence": "5552106728994823",
      "side": "buy",
      "size": "11.5",
      "symbol": "MORPHO-USDT",
      "takerOrderId": "673f04bf67cdc9000711593f",
      "time": "1732183231840000000",
      "tradeId": "5552106728994823",
      "type": "match",
      "time_before_que.put": "10:00:31.892",
