{
  "metadata": {
    "symbol": "SPX",
    "channel": "match",
    "start_time": "09:59:30.0000",
    "release_time": "10:00:00.0000",
    "end_time": "10:20:00.0000",
    "total_messages": 1928,
    "final_snapshot": {
      "time": "10:20:00.3120",
      "symbol": "SPX-USDT",
      "price_high": "0.698",
      "price_last": "0.6691",
      "price_low": "0.5",
      "price_avg": null,
      "volValue_USDT": "104567.728488"
    }
  },
  "data": [
    {
      "price": "0.5",
      "sequence": "5972304030742529",
      "side": "sell",
      "size": "1",
      "symbol": "SPX-USDT",
      "time": "1733306400000000000",
      "tradeId": "5972304030742529",
      "type": "match",
      "time_received": "10:00:00.1932"
    },
    {
      "makerOrderId": "675028203bb37e000769b394",
      "price": "0.698",
      "sequence": "5972304075831297",
      "side": "buy",
      "size": "27",
      "symbol": "SPX-USDT",
      "takerOrderId": "67502820e7750000070bdf6e",
      "time": "1733306400208000000",
      "tradeId": "5972304075831297",
      "type": "match",
      "time_received": "10:00:00.2627"
    },
    {
      "makerOrderId": "675028203bb37e000769b394",
      "price": "0.698",
      "sequence": "5972304077010945",
      "side": "buy",
      "size": "18",
      "symbol": "SPX-USDT",
      "takerOrderId": "675028201ed0d80007e91691",
      "time": "1733306400210000000",
      "tradeId": "5972304077010945",
      "type": "match",
      "time_received": "10:00:00.2629"
    },
    {
      "makerOrderId": "67502820e7750000070be0ad",
      "price": "0.67",
      "sequence": "5972305003558913",
      "side": "sell",
      "size": "450",
      "symbol": "SPX-USDT",
      "takerOrderId": "675028223bb37e000769c5dc",
      "time": "1733306402428000000",
      "tradeId": "5972305003558913",
      "type": "match",
      "time_received": "10:00:02.4848"
    },
    {
      "makerOrderId": "67502820fd061e000793648d",
      "price": "0.67",
      "sequence": "5972305003558916",
      "side": "sell",
      "size": "450",
      "symbol": "SPX-USDT",
      "takerOrderId": "675028223bb37e000769c5dc",
      "time": "1733306402428000000",
      "tradeId": "5972305003558916",
      "type": "match",
      "time_received": "10:00:02.4849"
    },
    {
      "makerOrderId": "67502820ff2a9e0007063205",
      "price": "0.666",
      "sequence": "5972305003558919",
      "side": "sell",
      "size": "2209.81",
      "symbol": "SPX-USDT",
      "takerOrderId": "675028223bb37e000769c5dc",
      "time": "1733306402428000000",
      "tradeId": "5972305003558919",
      "type": "match",
      "time_received": "10:00:02.4850"
    },
    {
      "makerOrderId": "67502821ce816c0007c42c1e",
      "price": "0.69",
      "sequence": "5972306327517185",
      "side": "buy",
      "size": "71.44",
      "symbol": "SPX-USDT",
      "takerOrderId": "67502825e7750000070c0b08",
      "time": "1733306405388000000",
      "tradeId": "5972306327517185",
      "type": "match",
      "time_received": "10:00:05.4404"
    },
    {
      "makerOrderId": "67502823ce816c0007c43e04",
      "price": "0.67",
      "sequence": "5972306644580353",
      "side": "sell",
      "size": "196.05",
      "symbol": "SPX-USDT",
      "takerOrderId": "675028257cf7ff000795af6d",
      "time": "1733306405977000000",
      "tradeId": "5972306644580353",
      "type": "match",
      "time_received": "10:00:06.0268"
    },
    {
      "makerOrderId": "67502820ff2a9e0007063205",
      "price": "0.666",
      "sequence": "5972306644580356",
      "side": "sell",
      "size": "117.19",
      "symbol": "SPX-USDT",
      "takerOrderId": "675028257cf7ff000795af6d",
      "time": "1733306405977000000",
      "tradeId": "5972306644580356",
      "type": "match",
      "time_received": "10:00:06.0269"
    },
    {
      "makerOrderId": "675028203bb37e000769b41c",
      "price": "0.66",
      "sequence": "5972306644580359",
      "side": "sell",
      "size": "30",
      "symbol": "SPX-USDT",
      "takerOrderId": "675028257cf7ff000795af6d",
      "time": "1733306405977000000",
      "tradeId": "5972306644580359",
      "type": "match",
      "time_received": "10:00:06.0270"
    },
    {
      "makerOrderId": "6750282041bdfd0007928d2d",
      "price": "0.66",
      "sequence": "5972306644580362",
      "side": "sell",
      "size": "130",
      "symbol": "SPX-USDT",
      "takerOrderId": "675028257cf7ff000795af6d",
      "time": "1733306405977000000",
      "tradeId": "5972306644580362",
      "type": "match",
      "time_received": "10:00:06.0270"
    },
    {
      "makerOrderId": "675028203ecf430007569731",
      "price": "0.66",
      "sequence": "5972306644580365",
      "side": "sell",
      "size": "15",
      "symbol": "SPX-USDT",
      "takerOrderId": "675028257cf7ff000795af6d",
      "time": "1733306405977000000",
      "tradeId": "5972306644580365",
      "type": "match",
      "time_received": "10:00:06.0272"
    },
    {
      "makerOrderId": "675028257cf7ff000795af6d",
      "price": "0.66",
      "sequence": "5972306781812737",
      "side": "buy",
      "size": "54.47",
      "symbol": "SPX-USDT",
      "takerOrderId": "675028261ed0d80007e94b51",
      "time": "1733306406178000000",
      "tradeId": "5972306781812737",
      "type": "match",
      "time_received": "10:00:06.2321"
    },
    {
      "makerOrderId": "675028257cf7ff000795af6d",
      "price": "0.66",
      "sequence": "5972307384219649",
      "side": "buy",
      "size": "1.44",
      "symbol": "SPX-USDT",
      "takerOrderId": "675028272e6b3a000733e9fb",
      "time": "1733306407603000000",
      "tradeId": "5972307384219649",
      "type": "match",
      "time_received": "10:00:07.6551"
    },
    {
      "makerOrderId": "675028257cf7ff000795af6d",
      "price": "0.66",
      "sequence": "5972307600488449",
      "side": "buy",
      "size": "67.13",
      "symbol": "SPX-USDT",
      "takerOrderId": "67502828f517900007cfcd34",
      "time": "1733306408093000000",
      "tradeId": "5972307600488449",
      "type": "match",
      "time_received": "10:00:08.1473"
    },
    {
      "makerOrderId": "675028257cf7ff000795af6d",
      "price": "0.66",
      "sequence": "5972307858307073",
      "side": "buy",
      "size": "179.33",
      "symbol": "SPX-USDT",
      "takerOrderId": "675028282e6b3a000733f10d",
      "time": "1733306408687000000",
      "tradeId": "5972307858307073",
      "type": "match",
      "time_received": "10:00:08.7380"
    },
    {
      "makerOrderId": "675028257cf7ff000795af6d",
      "price": "0.66",
      "sequence": "5972308244051969",
      "side": "buy",
      "size": "21.6",
      "symbol": "SPX-USDT",
      "takerOrderId": "675028299574f30007023b9a",
      "time": "1733306409485000000",
      "tradeId": "5972308244051969",
      "type": "match",
      "time_received": "10:00:09.5420"
    },
    {
      "makerOrderId": "675028257cf7ff000795af6d",
      "price": "0.66",
      "sequence": "5972308247853057",
      "side": "buy",
      "size": "374",
      "symbol": "SPX-USDT",
      "takerOrderId": "67502829e7750000070c2c70",
      "time": "1733306409493000000",
      "tradeId": "5972308247853057",
      "type": "match",
      "time_received": "10:00:09.5487"
    },
    {
      "makerOrderId": "675028257cf7ff000795af6d",
      "price": "0.66",
      "sequence": "5972308301592577",
      "side": "buy",
      "size": "107.68",
      "symbol": "SPX-USDT",
      "takerOrderId": "67502829fd061e000793b1c1",
      "time": "1733306409592000000",
      "tradeId": "5972308301592577",
      "type": "match",
      "time_received": "10:00:09.6430"
    },
    {
      "makerOrderId": "675028257cf7ff000795af6d",
      "price": "0.66",
      "sequence": "5972308310112257",
      "side": "buy",
      "size": "31.53",
      "symbol": "SPX-USDT",
      "takerOrderId": "675028293ecf43000756e31d",
      "time": "1733306409607000000",
      "tradeId": "5972308310112257",
      "type": "match",
      "time_received": "10:00:09.6576"
    },
    {
      "makerOrderId": "675028257cf7ff000795af6d",
      "price": "0.66",
      "sequence": "5972308763359233",
      "side": "buy",
      "size": "6.71",
      "symbol": "SPX-USDT",
      "takerOrderId": "6750282aaef36e00079d2ee6",
      "time": "1733306410657000000",
      "tradeId": "5972308763359233",
      "type": "match",
      "time_received": "10:00:10.7099"
    },
    {
      "makerOrderId": "675028257cf7ff000795af6d",
      "price": "0.66",
      "sequence": "5972309113976833",
      "side": "buy",
      "size": "12.87",
      "symbol": "SPX-USDT",
      "takerOrderId": "6750282bfe36bf0007188bf1",
      "time": "1733306411541000000",
      "tradeId": "5972309113976833",
      "type": "match",
      "time_received": "10:00:11.5948"
    },
    {
      "makerOrderId": "675028257cf7ff000795af6d",
      "price": "0.66",
      "sequence": "5972309489235969",
      "side": "buy",
      "size": "786.9",
      "symbol": "SPX-USDT",
      "takerOrderId": "6750282c1ed0d80007e977de",
      "time": "1733306412454000000",
      "tradeId": "5972309489235969",
      "type": "match",
      "time_received": "10:00:12.5050"
    },
    {
      "makerOrderId": "675028257cf7ff000795af6d",
      "price": "0.66",
      "sequence": "5972310037903361",
      "side": "buy",
      "size": "29.02",
      "symbol": "SPX-USDT",
      "takerOrderId": "6750282dce816c0007c48a9f",
      "time": "1733306413840000000",
      "tradeId": "5972310037903361",
      "type": "match",
      "time_received": "10:00:13.8958"
    },
    {
      "makerOrderId": "675028257cf7ff000795af6d",
      "price": "0.66",
      "sequence": "5972310227040257",
      "side": "buy",
      "size": "12.36",
      "symbol": "SPX-USDT",
      "takerOrderId": "6750282efd061e000793d25a",
      "time": "1733306414299000000",
      "tradeId": "5972310227040257",
      "type": "match",
      "time_received": "10:00:14.3524"
    },
    {
      "makerOrderId": "675028257cf7ff000795af6d",
      "price": "0.66",
      "sequence": "5972310255089665",
      "side": "buy",
      "size": "9.08",
      "symbol": "SPX-USDT",
      "takerOrderId": "6750282efd80ce0007759593",
      "time": "1733306414384000000",
      "tradeId": "5972310255089665",
      "type": "match",
      "time_received": "10:00:14.4366"
    },
    {
      "makerOrderId": "675028257cf7ff000795af6d",
      "price": "0.66",
      "sequence": "5972310368991233",
      "side": "buy",
      "size": "54.79",
      "symbol": "SPX-USDT",
      "takerOrderId": "6750282efe36bf000718a321",
      "time": "1733306414657000000",
      "tradeId": "5972310368991233",
      "type": "match",
      "time_received": "10:00:14.7070"
    },
    {
      "makerOrderId": "675028257cf7ff000795af6d",
      "price": "0.66",
      "sequence": "5972310983718913",
      "side": "buy",
      "size": "16.41",
      "symbol": "SPX-USDT",
      "takerOrderId": "67502830fd061e000793de48",
      "time": "1733306416162000000",
      "tradeId": "5972310983718913",
      "type": "match",
      "time_received": "10:00:16.2199"
    },
    {
      "makerOrderId": "675028257cf7ff000795af6d",
      "price": "0.66",
      "sequence": "5972311175215105",
      "side": "buy",
      "size": "34.36",
      "symbol": "SPX-USDT",
      "takerOrderId": "675028301e1c9e0007461b2e",
      "time": "1733306416708000000",
      "tradeId": "5972311175215105",
      "type": "match",
      "time_received": "10:00:16.7627"
    },
    {
      "makerOrderId": "675028257cf7ff000795af6d",
      "price": "0.66",
      "sequence": "5972311609063425",
      "side": "buy",
      "size": "612.06",
      "symbol": "SPX-USDT",
      "takerOrderId": "675028312e6b3a000734305c",
      "time": "1733306417763000000",
      "tradeId": "5972311609063425",
      "type": "match",
      "time_received": "10:00:17.8195"
    },
    {
      "makerOrderId": "6750282df517900007cff24a",
      "price": "0.66",
      "sequence": "5972311609063428",
      "side": "buy",
      "size": "2911.5",
      "symbol": "SPX-USDT",
      "takerOrderId": "675028312e6b3a000734305c",
      "time": "1733306417763000000",
      "tradeId": "5972311609063428",
      "type": "match",
      "time_received": "10:00:17.8197"
    },
    {
      "makerOrderId": "6750282b9574f300070246de",
      "price": "0.6607",
      "sequence": "5972311609063431",
      "side": "buy",
      "size": "768.68",
      "symbol": "SPX-USDT",
      "takerOrderId": "675028312e6b3a000734305c",
      "time": "1733306417763000000",
      "tradeId": "5972311609063431",
      "type": "match",
      "time_received": "10:00:17.8198"
    },
    {
      "makerOrderId": "675028329574f300070276ad",
      "price": "0.66",
      "sequence": "5972312118409217",
      "side": "sell",
      "size": "21.55",
      "symbol": "SPX-USDT",
      "takerOrderId": "67502832ce816c0007c4aca7",
      "time": "1733306418986000000",
      "tradeId": "5972312118409217",
      "type": "match",
      "time_received": "10:00:19.0407"
    },
    {
      "makerOrderId": "67502832ce816c0007c4aca7",
      "price": "0.659",
      "sequence": "5972312958580737",
      "side": "buy",
      "size": "140",
      "symbol": "SPX-USDT",
      "takerOrderId": "67502834fe36bf000718cc6b",
      "time": "1733306420887000000",
      "tradeId": "5972312958580737",
      "type": "match",
      "time_received": "10:00:20.9385"
    },
    {
      "makerOrderId": "67502832ce816c0007c4aca7",
      "price": "0.659",
      "sequence": "5972313317324801",
      "side": "buy",
      "size": "16.79",
      "symbol": "SPX-USDT",
      "takerOrderId": "67502835fe36bf000718d2c0",
      "time": "1733306421785000000",
      "tradeId": "5972313317324801",
      "type": "match",
      "time_received": "10:00:21.8405"
    },
    {
      "makerOrderId": "67502832ce816c0007c4aca7",
      "price": "0.659",
      "sequence": "5972313481820161",
      "side": "buy",
      "size": "150.15",
      "symbol": "SPX-USDT",
      "takerOrderId": "67502836ff2a9e000706d4cb",
      "time": "1733306422186000000",
      "tradeId": "5972313481820161",
      "type": "match",
      "time_received": "10:00:22.2375"
    },
    {
      "makerOrderId": "6750283741bdfd0007933b2f",
      "price": "0.6589",
      "sequence": "5972314266417153",
      "side": "buy",
      "size": "400",
      "symbol": "SPX-USDT",
      "takerOrderId": "67502838ff2a9e000706e1e0",
      "time": "1733306424110000000",
      "tradeId": "5972314266417153",
      "type": "match",
      "time_received": "10:00:24.1656"
    },
    {
      "makerOrderId": "6750283741bdfd0007933b2f",
      "price": "0.6589",
      "sequence": "5972314270087169",
      "side": "buy",
      "size": "25.75",
      "symbol": "SPX-USDT",
      "takerOrderId": "675028388338b90007388f38",
      "time": "1733306424127000000",
      "tradeId": "5972314270087169",
      "type": "match",
      "time_received": "10:00:24.1815"
    },
    {
      "makerOrderId": "675028207cf7ff0007957d35",
      "price": "0.65",
      "sequence": "5972315028076545",
      "side": "sell",
      "size": "1",
      "symbol": "SPX-USDT",
      "takerOrderId": "6750283a8338b90007389a98",
      "time": "1733306426036000000",
      "tradeId": "5972315028076545",
      "type": "match",
      "time_received": "10:00:26.1211"
    },
    {
      "makerOrderId": "67502820f517900007cf8a8c",
      "price": "0.65",
      "sequence": "5972315028076548",
      "side": "sell",
      "size": "200",
      "symbol": "SPX-USDT",
      "takerOrderId": "6750283a8338b90007389a98",
      "time": "1733306426036000000",
      "tradeId": "5972315028076548",
      "type": "match",
      "time_received": "10:00:26.1212"
    },
    {
      "makerOrderId": "675028207cf7ff0007957e4d",
      "price": "0.65",
      "sequence": "5972315028076551",
      "side": "sell",
      "size": "152",
      "symbol": "SPX-USDT",
      "takerOrderId": "6750283a8338b90007389a98",
      "time": "1733306426036000000",
      "tradeId": "5972315028076551",
      "type": "match",
      "time_received": "10:00:26.1213"
    },
    {
      "makerOrderId": "67502833aef36e00079d6d49",
      "price": "0.65",
      "sequence": "5972315028076554",
      "side": "sell",
      "size": "420.74",
      "symbol": "SPX-USDT",
      "takerOrderId": "6750283a8338b90007389a98",
      "time": "1733306426036000000",
      "tradeId": "5972315028076554",
      "type": "match",
      "time_received": "10:00:26.1215"
    },
    {
      "makerOrderId": "6750283a8338b90007389a98",
      "price": "0.65",
      "sequence": "5972315033188353",
      "side": "buy",
      "size": "45.5",
      "symbol": "SPX-USDT",
      "takerOrderId": "6750283afe36bf000718ee11",
      "time": "1733306426046000000",
      "tradeId": "5972315033188353",
      "type": "match",
      "time_received": "10:00:26.1259"
    },
    {
      "makerOrderId": "6750283a8338b90007389a98",
      "price": "0.65",
      "sequence": "5972315036203009",
      "side": "buy",
      "size": "128.28",
      "symbol": "SPX-USDT",
      "takerOrderId": "6750283aff2a9e000706ed96",
      "time": "1733306426054000000",
      "tradeId": "5972315036203009",
      "type": "match",
      "time_received": "10:00:26.1310"
    },
    {
      "makerOrderId": "6750283a8338b90007389a98",
      "price": "0.65",
      "sequence": "5972315038955521",
      "side": "buy",
      "size": "128.28",
      "symbol": "SPX-USDT",
      "takerOrderId": "6750283a8338b90007389ae1",
      "time": "1733306426063000000",
      "tradeId": "5972315038955521",
      "type": "match",
      "time_received": "10:00:26.1311"
    },
    {
      "makerOrderId": "6750283a8338b90007389a98",
      "price": "0.65",
      "sequence": "5972315039348737",
      "side": "buy",
      "size": "128.28",
      "symbol": "SPX-USDT",
      "takerOrderId": "6750283a41bdfd00079349d9",
      "time": "1733306426065000000",
      "tradeId": "5972315039348737",
      "type": "match",
      "time_received": "10:00:26.1312"
    },
    {
      "makerOrderId": "6750283a8338b90007389a98",
      "price": "0.65",
      "sequence": "5972315039741953",
      "side": "buy",
      "size": "45.5",
      "symbol": "SPX-USDT",
      "takerOrderId": "6750283a9574f3000702aa81",
      "time": "1733306426066000000",
      "tradeId": "5972315039741953",
      "type": "match",
      "time_received": "10:00:26.1312"
    },
    {
      "makerOrderId": "6750283a8338b90007389a98",
      "price": "0.65",
      "sequence": "5972315040659457",
      "side": "buy",
      "size": "85.97",
      "symbol": "SPX-USDT",
      "takerOrderId": "6750283aff2a9e000706eda8",
      "time": "1733306426069000000",
      "tradeId": "5972315040659457",
      "type": "match",
      "time_received": "10:00:26.1314"
    },
    {
      "makerOrderId": "6750283a8338b90007389a98",
      "price": "0.65",
      "sequence": "5972315041052673",
      "side": "buy",
      "size": "128.28",
      "symbol": "SPX-USDT",
      "takerOrderId": "6750283ab1d2ab00077f552b",
      "time": "1733306426071000000",
      "tradeId": "5972315041052673",
      "type": "match",
      "time_received": "10:00:26.1868"
    },
    {
      "makerOrderId": "6750283a8338b90007389a98",
      "price": "0.65",
      "sequence": "5972315041970177",
      "side": "buy",
      "size": "127.24",
      "symbol": "SPX-USDT",
      "takerOrderId": "6750283a3d4b3d000787df89",
      "time": "1733306426073000000",
      "tradeId": "5972315041970177",
      "type": "match",
      "time_received": "10:00:26.1869"
    },
    {
      "makerOrderId": "6750283a8338b90007389a98",
      "price": "0.65",
      "sequence": "5972315042101249",
      "side": "buy",
      "size": "45.5",
      "symbol": "SPX-USDT",
      "takerOrderId": "6750283a7cf7ff0007963be9",
      "time": "1733306426073000000",
      "tradeId": "5972315042101249",
      "type": "match",
      "time_received": "10:00:26.1870"
    },
    {
      "makerOrderId": "6750283a8338b90007389a98",
      "price": "0.65",
      "sequence": "5972315051800577",
      "side": "buy",
      "size": "118.95",
      "symbol": "SPX-USDT",
      "takerOrderId": "6750283afe36bf000718ee59",
      "time": "1733306426099000000",
      "tradeId": "5972315051800577",
      "type": "match",
      "time_received": "10:00:26.1870"
    },
    {
      "makerOrderId": "6750283a8338b90007389a98",
      "price": "0.65",
      "sequence": "5972315061237761",
      "side": "buy",
      "size": "9.81",
      "symbol": "SPX-USDT",
      "takerOrderId": "6750283af517900007d04688",
      "time": "1733306426126000000",
      "tradeId": "5972315061237761",
      "type": "match",
      "time_received": "10:00:26.1871"
    },
    {
      "makerOrderId": "6750283a8338b90007389a98",
      "price": "0.65",
      "sequence": "5972315061499905",
      "side": "buy",
      "size": "128.28",
      "symbol": "SPX-USDT",
      "takerOrderId": "6750283a9574f3000702aaed",
      "time": "1733306426126000000",
      "tradeId": "5972315061499905",
      "type": "match",
      "time_received": "10:00:26.1871"
    },
    {
      "makerOrderId": "6750283a8338b90007389a98",
      "price": "0.65",
      "sequence": "5972315064645633",
      "side": "buy",
      "size": "59.47",
      "symbol": "SPX-USDT",
      "takerOrderId": "6750283a716ab30007e52ad9",
      "time": "1733306426139000000",
      "tradeId": "5972315064645633",
      "type": "match",
      "time_received": "10:00:26.1930"
    },
    {
      "makerOrderId": "6750283a8338b90007389a98",
      "price": "0.65",
      "sequence": "5972315064776705",
      "side": "buy",
      "size": "9.81",
      "symbol": "SPX-USDT",
      "takerOrderId": "6750283a2e6b3a0007346727",
      "time": "1733306426139000000",
      "tradeId": "5972315064776705",
      "type": "match",
      "time_received": "10:00:26.1932"
    },
    {
      "makerOrderId": "6750283a8338b90007389a98",
      "price": "0.65",
      "sequence": "5972315064907777",
      "side": "buy",
      "size": "18.06",
      "symbol": "SPX-USDT",
      "takerOrderId": "6750283a3bb37e00076a70e0",
      "time": "1733306426140000000",
      "tradeId": "5972315064907777",
      "type": "match",
      "time_received": "10:00:26.1932"
    },
    {
      "makerOrderId": "6750283a8338b90007389a98",
      "price": "0.65",
      "sequence": "5972315065956353",
      "side": "buy",
      "size": "33.82",
      "symbol": "SPX-USDT",
      "takerOrderId": "6750283ace816c0007c4dc14",
      "time": "1733306426143000000",
      "tradeId": "5972315065956353",
      "type": "match",
      "time_received": "10:00:26.1979"
    },
    {
      "makerOrderId": "6750283a8338b90007389a98",
      "price": "0.65",
      "sequence": "5972315066087425",
      "side": "buy",
      "size": "9.81",
      "symbol": "SPX-USDT",
      "takerOrderId": "6750283a41bdfd0007934a48",
      "time": "1733306426143000000",
      "tradeId": "5972315066087425",
      "type": "match",
      "time_received": "10:00:26.1980"
    },
    {
      "makerOrderId": "6750283a8338b90007389a98",
      "price": "0.65",
      "sequence": "5972315071068161",
      "side": "buy",
      "size": "128.6",
      "symbol": "SPX-USDT",
      "takerOrderId": "6750283a1ed0d80007e9d315",
      "time": "1733306426154000000",
      "tradeId": "5972315071068161",
      "type": "match",
      "time_received": "10:00:26.2086"
    },
    {
      "makerOrderId": "6750283a8338b90007389a98",
      "price": "0.65",
      "sequence": "5972315072903169",
      "side": "buy",
      "size": "14.67",
      "symbol": "SPX-USDT",
      "takerOrderId": "6750283a7cf7ff0007963c60",
      "time": "1733306426161000000",
      "tradeId": "5972315072903169",
      "type": "match",
      "time_received": "10:00:26.2150"
    },
    {
      "makerOrderId": "6750283a8338b90007389a98",
      "price": "0.65",
      "sequence": "5972315073034241",
      "side": "buy",
      "size": "38.66",
      "symbol": "SPX-USDT",
      "takerOrderId": "6750283ab1d2ab00077f55a7",
      "time": "1733306426161000000",
      "tradeId": "5972315073034241",
      "type": "match",
      "time_received": "10:00:26.2150"
    },
    {
      "makerOrderId": "6750283a8338b90007389a98",
      "price": "0.65",
      "sequence": "5972315074082817",
      "side": "buy",
      "size": "18.05",
      "symbol": "SPX-USDT",
      "takerOrderId": "6750283a2e6b3a0007346750",
      "time": "1733306426165000000",
      "tradeId": "5972315074082817",
      "type": "match",
      "time_received": "10:00:26.2151"
    },
    {
      "makerOrderId": "6750283a8338b90007389a98",
      "price": "0.65",
      "sequence": "5972315074476033",
      "side": "buy",
      "size": "46.91",
      "symbol": "SPX-USDT",
      "takerOrderId": "6750283ab1d2ab00077f55b7",
      "time": "1733306426165000000",
      "tradeId": "5972315074476033",
      "type": "match",
      "time_received": "10:00:26.2155"
    },
    {
      "makerOrderId": "6750283a8338b90007389a98",
      "price": "0.65",
      "sequence": "5972315078932481",
      "side": "buy",
      "size": "17.09",
      "symbol": "SPX-USDT",
      "takerOrderId": "6750283afe36bf000718eee2",
      "time": "1733306426174000000",
      "tradeId": "5972315078932481",
      "type": "match",
      "time_received": "10:00:26.2231"
    },
    {
      "makerOrderId": "6750283a8338b90007389a98",
      "price": "0.65",
      "sequence": "5972315079325697",
      "side": "buy",
      "size": "11.72",
      "symbol": "SPX-USDT",
      "takerOrderId": "6750283a3d4b3d000787dfa5",
      "time": "1733306426176000000",
      "tradeId": "5972315079325697",
      "type": "match",
      "time_received": "10:00:26.2292"
    },
    {
      "makerOrderId": "6750283a8338b90007389a98",
      "price": "0.65",
      "sequence": "5972315084175361",
      "side": "buy",
      "size": "21",
      "symbol": "SPX-USDT",
      "takerOrderId": "6750283afd061e000794208b",
      "time": "1733306426195000000",
      "tradeId": "5972315084175361",
      "type": "match",
      "time_received": "10:00:26.2496"
    },
    {
      "makerOrderId": "6750283a8338b90007389a98",
      "price": "0.65",
      "sequence": "5972315085092865",
      "side": "buy",
      "size": "79.76",
      "symbol": "SPX-USDT",
      "takerOrderId": "6750283a716ab30007e52b36",
      "time": "1733306426198000000",
      "tradeId": "5972315085092865",
      "type": "match",
      "time_received": "10:00:26.2545"
    },
    {
      "makerOrderId": "6750283a8338b90007389a98",
      "price": "0.65",
      "sequence": "5972315086665729",
      "side": "buy",
      "size": "78.59",
      "symbol": "SPX-USDT",
      "takerOrderId": "6750283a3ecf4300075752c4",
      "time": "1733306426203000000",
      "tradeId": "5972315086665729",
      "type": "match",
      "time_received": "10:00:26.2545"
    },
    {
      "makerOrderId": "6750283a8338b90007389a98",
      "price": "0.65",
      "sequence": "5972315087452161",
      "side": "buy",
      "size": "79.76",
      "symbol": "SPX-USDT",
      "takerOrderId": "6750283aaef36e00079d974c",
      "time": "1733306426204000000",
      "tradeId": "5972315087452161",
      "type": "match",
      "time_received": "10:00:26.2591"
    },
    {
      "makerOrderId": "6750283a8338b90007389a98",
      "price": "0.65",
      "sequence": "5972315087583233",
      "side": "buy",
      "size": "128.28",
      "symbol": "SPX-USDT",
      "takerOrderId": "6750283aecb8b20007a231c4",
      "time": "1733306426204000000",
      "tradeId": "5972315087583233",
      "type": "match",
      "time_received": "10:00:26.2591"
    },
    {
      "makerOrderId": "6750283a8338b90007389a98",
      "price": "0.65",
      "sequence": "5972315089680385",
      "side": "buy",
      "size": "23.79",
      "symbol": "SPX-USDT",
      "takerOrderId": "6750283a8338b90007389bc8",
      "time": "1733306426211000000",
      "tradeId": "5972315089680385",
      "type": "match",
      "time_received": "10:00:26.2640"
    },
    {
      "makerOrderId": "6750283a8338b90007389a98",
      "price": "0.65",
      "sequence": "5972315091646465",
      "side": "buy",
      "size": "56.53",
      "symbol": "SPX-USDT",
      "takerOrderId": "6750283ab1d2ab00077f5609",
      "time": "1733306426214000000",
      "tradeId": "5972315091646465",
      "type": "match",
      "time_received": "10:00:26.2641"
    },
    {
      "makerOrderId": "6750283a8338b90007389a98",
      "price": "0.65",
      "sequence": "5972315097675777",
      "side": "buy",
      "size": "46.3",
      "symbol": "SPX-USDT",
      "takerOrderId": "6750283ae7750000070c9d6a",
      "time": "1733306426231000000",
      "tradeId": "5972315097675777",
      "type": "match",
      "time_received": "10:00:26.2855"
    },
    {
      "makerOrderId": "6750283a8338b90007389a98",
      "price": "0.65",
      "sequence": "5972315105015809",
      "side": "buy",
      "size": "97.76",
      "symbol": "SPX-USDT",
      "takerOrderId": "6750283aaef36e00079d9798",
      "time": "1733306426248000000",
      "tradeId": "5972315105015809",
      "type": "match",
      "time_received": "10:00:26.3010"
    },
    {
      "makerOrderId": "6750283741bdfd0007933b2f",
      "price": "0.6589",
      "sequence": "5972315371354113",
      "side": "buy",
      "size": "18.61",
      "symbol": "SPX-USDT",
      "takerOrderId": "6750283a2e6b3a0007346bb7",
      "time": "1733306426876000000",
      "tradeId": "5972315371354113",
      "type": "match",
      "time_received": "10:00:26.9294"
    },
    {
      "makerOrderId": "6750283741bdfd0007933b2f",
      "price": "0.6589",
      "sequence": "5972315602696193",
      "side": "buy",
      "size": "123.79",
      "symbol": "SPX-USDT",
      "takerOrderId": "6750283bce816c0007c4e43f",
      "time": "1733306427423000000",
      "tradeId": "5972315602696193",
      "type": "match",
      "time_received": "10:00:27.4803"
    },
    {
      "makerOrderId": "6750283741bdfd0007933b2f",
      "price": "0.6589",
      "sequence": "5972316866230273",
      "side": "buy",
      "size": "1.23",
      "symbol": "SPX-USDT",
      "takerOrderId": "6750283ee7750000070cb80a",
      "time": "1733306430381000000",
      "tradeId": "5972316866230273",
      "type": "match",
      "time_received": "10:00:30.4367"
    },
    {
      "makerOrderId": "67502840e7750000070cc7ad",
      "price": "0.6588",
      "sequence": "5972317961467905",
      "side": "buy",
      "size": "15.17",
      "symbol": "SPX-USDT",
      "takerOrderId": "67502841fd80ce000776119b",
      "time": "1733306433081000000",
      "tradeId": "5972317961467905",
      "type": "match",
      "time_received": "10:00:33.1374"
    },
    {
      "makerOrderId": "67502840e7750000070cc7ad",
      "price": "0.6588",
      "sequence": "5972318083233793",
      "side": "buy",
      "size": "15.57",
      "symbol": "SPX-USDT",
      "takerOrderId": "67502841a398ab00078b59ac",
      "time": "1733306433403000000",
      "tradeId": "5972318083233793",
      "type": "match",
      "time_received": "10:00:33.4578"
    },
    {
      "makerOrderId": "67502840e7750000070cc7ad",
      "price": "0.6588",
      "sequence": "5972318155585537",
      "side": "buy",
      "size": "68.43",
      "symbol": "SPX-USDT",
      "takerOrderId": "675028411e254f0007d60ee6",
      "time": "1733306433591000000",
      "tradeId": "5972318155585537",
      "type": "match",
      "time_received": "10:00:33.6442"
    },
    {
      "makerOrderId": "67502843f517900007d082c5",
      "price": "0.658",
      "sequence": "5972319411517441",
      "side": "buy",
      "size": "139.12",
      "symbol": "SPX-USDT",
      "takerOrderId": "675028448338b9000738e1ce",
      "time": "1733306436821000000",
      "tradeId": "5972319411517441",
      "type": "match",
      "time_received": "10:00:36.8737"
    },
    {
      "makerOrderId": "67502843f517900007d082c5",
      "price": "0.658",
      "sequence": "5972319716390913",
      "side": "buy",
      "size": "4.01",
      "symbol": "SPX-USDT",
      "takerOrderId": "675028451e1c9e000746a6bc",
      "time": "1733306437591000000",
      "tradeId": "5972319716390913",
      "type": "match",
      "time_received": "10:00:37.6457"
    },
    {
      "makerOrderId": "6750283a1ed0d80007e9d565",
      "price": "0.65",
      "sequence": "5972320414742529",
      "side": "sell",
      "size": "100",
      "symbol": "SPX-USDT",
      "takerOrderId": "675028478338b9000738f2bd",
      "time": "1733306439363000000",
      "tradeId": "5972320414742529",
      "type": "match",
      "time_received": "10:00:39.4166"
    },
    {
      "makerOrderId": "675028478338b9000738f2bd",
      "price": "0.65",
      "sequence": "5972320419461121",
      "side": "buy",
      "size": "66.84",
      "symbol": "SPX-USDT",
      "takerOrderId": "67502847f517900007d09eb0",
      "time": "1733306439372000000",
      "tradeId": "5972320419461121",
      "type": "match",
      "time_received": "10:00:39.4275"
    },
    {
      "makerOrderId": "675028478338b9000738f2bd",
      "price": "0.65",
      "sequence": "5972320424572929",
      "side": "buy",
      "size": "59.63",
      "symbol": "SPX-USDT",
      "takerOrderId": "67502847fe36bf0007194713",
      "time": "1733306439388000000",
      "tradeId": "5972320424572929",
      "type": "match",
      "time_received": "10:00:39.4398"
    },
    {
      "makerOrderId": "675028478338b9000738f2bd",
      "price": "0.65",
      "sequence": "5972320425228289",
      "side": "buy",
      "size": "45.62",
      "symbol": "SPX-USDT",
      "takerOrderId": "67502847f517900007d09ed5",
      "time": "1733306439389000000",
      "tradeId": "5972320425228289",
      "type": "match",
      "time_received": "10:00:39.4398"
    },
    {
      "makerOrderId": "675028478338b9000738f2bd",
      "price": "0.65",
      "sequence": "5972320425490433",
      "side": "buy",
      "size": "219.17",
      "symbol": "SPX-USDT",
      "takerOrderId": "67502847ecb8b20007a289c3",
      "time": "1733306439390000000",
      "tradeId": "5972320425490433",
      "type": "match",
      "time_received": "10:00:39.4457"
    },
    {
      "makerOrderId": "675028478338b9000738f2bd",
      "price": "0.65",
      "sequence": "5972320425621505",
      "side": "buy",
      "size": "251.06",
      "symbol": "SPX-USDT",
      "takerOrderId": "67502847ecb8b20007a289c8",
      "time": "1733306439390000000",
      "tradeId": "5972320425621505",
      "type": "match",
      "time_received": "10:00:39.4458"
    },
    {
      "makerOrderId": "675028478338b9000738f2bd",
      "price": "0.65",
      "sequence": "5972320426014721",
      "side": "buy",
      "size": "45.62",
      "symbol": "SPX-USDT",
      "takerOrderId": "675028478338b9000738f324",
      "time": "1733306439393000000",
      "tradeId": "5972320426014721",
      "type": "match",
      "time_received": "10:00:39.4458"
    },
    {
      "makerOrderId": "675028478338b9000738f2bd",
      "price": "0.65",
      "sequence": "5972320426276865",
      "side": "buy",
      "size": "45.62",
      "symbol": "SPX-USDT",
      "takerOrderId": "675028473bb37e00076ac96e",
      "time": "1733306439393000000",
      "tradeId": "5972320426276865",
      "type": "match",
      "time_received": "10:00:39.4460"
    },
    {
      "makerOrderId": "675028478338b9000738f2bd",
      "price": "0.65",
      "sequence": "5972320426932225",
      "side": "buy",
      "size": "598.5",
      "symbol": "SPX-USDT",
      "takerOrderId": "675028471e1c9e000746b30c",
      "time": "1733306439395000000",
      "tradeId": "5972320426932225",
      "type": "match",
      "time_received": "10:00:39.4461"
    },
    {
      "makerOrderId": "675028478338b9000738f2bd",
      "price": "0.65",
      "sequence": "5972320427063297",
      "side": "buy",
      "size": "27.88",
      "symbol": "SPX-USDT",
      "takerOrderId": "67502847f517900007d09ee1",
      "time": "1733306439395000000",
      "tradeId": "5972320427063297",
      "type": "match",
      "time_received": "10:00:39.4461"
    },
    {
      "makerOrderId": "675028478338b9000738f2bd",
      "price": "0.65",
      "sequence": "5972320427587585",
      "side": "buy",
      "size": "27.88",
      "symbol": "SPX-USDT",
      "takerOrderId": "675028473d4b3d000787eaec",
      "time": "1733306439396000000",
      "tradeId": "5972320427587585",
      "type": "match",
      "time_received": "10:00:39.4512"
    },
    {
      "makerOrderId": "675028478338b9000738f2bd",
      "price": "0.65",
      "sequence": "5972320429291521",
      "side": "buy",
      "size": "94.58",
      "symbol": "SPX-USDT",
      "takerOrderId": "675028477cf7ff00079693c9",
      "time": "1733306439399000000",
      "tradeId": "5972320429291521",
      "type": "match",
      "time_received": "10:00:39.4513"
    },
    {
      "makerOrderId": "675028478338b9000738f2bd",
      "price": "0.65",
      "sequence": "5972320429815809",
      "side": "buy",
      "size": "1.59",
      "symbol": "SPX-USDT",
      "takerOrderId": "67502847e7750000070cf56c",
      "time": "1733306439401000000",
      "tradeId": "5972320429815809",
      "type": "match",
      "time_received": "10:00:39.4514"
    },
    {
      "makerOrderId": "67502847716ab30007e586cb",
      "price": "0.65",
      "sequence": "5972320630749185",
      "side": "buy",
      "size": "13.4",
      "symbol": "SPX-USDT",
      "takerOrderId": "67502847fd80ce0007763e7b",
      "time": "1733306439967000000",
      "tradeId": "5972320630749185",
      "type": "match",
      "time_received": "10:00:40.0204"
    },
    {
      "makerOrderId": "67502847716ab30007e586cb",
      "price": "0.65",
      "sequence": "5972320632977409",
      "side": "buy",
      "size": "84.95",
      "symbol": "SPX-USDT",
      "takerOrderId": "675028471ed0d80007ea2f2e",
      "time": "1733306439977000000",
      "tradeId": "5972320632977409",
      "type": "match",
      "time_received": "10:00:40.0269"
    },
    {
      "makerOrderId": "67502847716ab30007e586cb",
      "price": "0.65",
      "sequence": "5972320633632769",
      "side": "buy",
      "size": "74.63",
      "symbol": "SPX-USDT",
      "takerOrderId": "67502847a398ab00078b84b1",
      "time": "1733306439979000000",
      "tradeId": "5972320633632769",
      "type": "match",
      "time_received": "10:00:40.0343"
    },
    {
      "makerOrderId": "67502847716ab30007e586cb",
      "price": "0.65",
      "sequence": "5972320633894913",
      "side": "buy",
      "size": "64.47",
      "symbol": "SPX-USDT",
      "takerOrderId": "675028471e1c9e000746b661",
      "time": "1733306439979000000",
      "tradeId": "5972320633894913",
      "type": "match",
      "time_received": "10:00:40.0344"
    },
    {
      "makerOrderId": "67502847716ab30007e586cb",
      "price": "0.65",
      "sequence": "5972320634025985",
      "side": "buy",
      "size": "72.08",
      "symbol": "SPX-USDT",
      "takerOrderId": "67502847ecb8b20007a28d51",
      "time": "1733306439979000000",
      "tradeId": "5972320634025985",
      "type": "match",
      "time_received": "10:00:40.0346"
    },
    {
      "makerOrderId": "67502847716ab30007e586cb",
      "price": "0.65",
      "sequence": "5972320634550273",
      "side": "buy",
      "size": "84.92",
      "symbol": "SPX-USDT",
      "takerOrderId": "675028473bb37e00076accaf",
      "time": "1733306439981000000",
      "tradeId": "5972320634550273",
      "type": "match",
      "time_received": "10:00:40.0348"
    },
    {
      "makerOrderId": "67502847716ab30007e586cb",
      "price": "0.65",
      "sequence": "5972320634812417",
      "side": "buy",
      "size": "34.71",
      "symbol": "SPX-USDT",
      "takerOrderId": "675028472e6b3a000734c2fd",
      "time": "1733306439982000000",
      "tradeId": "5972320634812417",
      "type": "match",
      "time_received": "10:00:40.0349"
    },
    {
      "makerOrderId": "67502847716ab30007e586cb",
      "price": "0.65",
      "sequence": "5972320634943489",
      "side": "buy",
      "size": "74.17",
      "symbol": "SPX-USDT",
      "takerOrderId": "67502847ce816c0007c537c5",
      "time": "1733306439982000000",
      "tradeId": "5972320634943489",
      "type": "match",
      "time_received": "10:00:40.0351"
    },
    {
      "makerOrderId": "67502847716ab30007e586cb",
      "price": "0.65",
      "sequence": "5972320635467777",
      "side": "buy",
      "size": "343.24",
      "symbol": "SPX-USDT",
      "takerOrderId": "67502847aef36e00079df34a",
      "time": "1733306439983000000",
      "tradeId": "5972320635467777",
      "type": "match",
      "time_received": "10:00:40.0351"
    },
    {
      "makerOrderId": "67502847716ab30007e586cb",
      "price": "0.65",
      "sequence": "5972320635598849",
      "side": "buy",
      "size": "69.03",
      "symbol": "SPX-USDT",
      "takerOrderId": "67502847aef36e00079df34d",
      "time": "1733306439983000000",
      "tradeId": "5972320635598849",
      "type": "match",
      "time_received": "10:00:40.0352"
    },
    {
      "makerOrderId": "67502847716ab30007e586cb",
      "price": "0.65",
      "sequence": "5972320635729921",
      "side": "buy",
      "size": "76.13",
      "symbol": "SPX-USDT",
      "takerOrderId": "67502847ecb8b20007a28d59",
      "time": "1733306439983000000",
      "tradeId": "5972320635729921",
      "type": "match",
      "time_received": "10:00:40.0352"
    },
    {
      "makerOrderId": "67502847716ab30007e586cb",
      "price": "0.65",
      "sequence": "5972320637433857",
      "side": "buy",
      "size": "34.71",
      "symbol": "SPX-USDT",
      "takerOrderId": "675028471e1c9e000746b66f",
      "time": "1733306439987000000",
      "tradeId": "5972320637433857",
      "type": "match",
      "time_received": "10:00:40.0425"
    },
    {
      "makerOrderId": "67502847716ab30007e586cb",
      "price": "0.65",
      "sequence": "5972320637564929",
      "side": "buy",
      "size": "31.77",
      "symbol": "SPX-USDT",
      "takerOrderId": "675028473d4b3d000787eb48",
      "time": "1733306439987000000",
      "tradeId": "5972320637564929",
      "type": "match",
      "time_received": "10:00:40.0426"
    },
    {
      "makerOrderId": "67502847716ab30007e586cb",
      "price": "0.65",
      "sequence": "5972320638482433",
      "side": "buy",
      "size": "24.06",
      "symbol": "SPX-USDT",
      "takerOrderId": "675028471e254f0007d6138a",
      "time": "1733306439989000000",
      "tradeId": "5972320638482433",
      "type": "match",
      "time_received": "10:00:40.0428"
    },
    {
      "makerOrderId": "67502847716ab30007e586cb",
      "price": "0.65",
      "sequence": "5972320639137793",
      "side": "buy",
      "size": "21.63",
      "symbol": "SPX-USDT",
      "takerOrderId": "67502847ecb8b20007a28d64",
      "time": "1733306439989000000",
      "tradeId": "5972320639137793",
      "type": "match",
      "time_received": "10:00:40.0428"
    },
    {
      "makerOrderId": "67502847716ab30007e586cb",
      "price": "0.65",
      "sequence": "5972320640317441",
      "side": "buy",
      "size": "218.87",
      "symbol": "SPX-USDT",
      "takerOrderId": "675028471e254f0007d6138d",
      "time": "1733306439992000000",
      "tradeId": "5972320640317441",
      "type": "match",
      "time_received": "10:00:40.0429"
    },
    {
      "makerOrderId": "67502847716ab30007e586cb",
      "price": "0.65",
      "sequence": "5972320640448513",
      "side": "buy",
      "size": "43.56",
      "symbol": "SPX-USDT",
      "takerOrderId": "67502847ff2a9e0007074a33",
      "time": "1733306439992000000",
      "tradeId": "5972320640448513",
      "type": "match",
      "time_received": "10:00:40.0429"
    },
    {
      "makerOrderId": "67502847716ab30007e586cb",
      "price": "0.65",
      "sequence": "5972320640579585",
      "side": "buy",
      "size": "105.76",
      "symbol": "SPX-USDT",
      "takerOrderId": "67502847b1d2ab00077fb145",
      "time": "1733306439992000000",
      "tradeId": "5972320640579585",
      "type": "match",
      "time_received": "10:00:40.0429"
    },
    {
      "makerOrderId": "67502847716ab30007e586cb",
      "price": "0.65",
      "sequence": "5972320641366017",
      "side": "buy",
      "size": "161.38",
      "symbol": "SPX-USDT",
      "takerOrderId": "675028471ed0d80007ea2f3b",
      "time": "1733306439993000000",
      "tradeId": "5972320641366017",
      "type": "match",
      "time_received": "10:00:40.0483"
    },
    {
      "makerOrderId": "67502847716ab30007e586cb",
      "price": "0.65",
      "sequence": "5972320642021377",
      "side": "buy",
      "size": "111.76",
      "symbol": "SPX-USDT",
      "takerOrderId": "675028477cf7ff0007969713",
      "time": "1733306439993000000",
      "tradeId": "5972320642021377",
      "type": "match",
      "time_received": "10:00:40.0485"
    },
    {
      "makerOrderId": "67502847716ab30007e586cb",
      "price": "0.65",
      "sequence": "5972320643069953",
      "side": "buy",
      "size": "62.53",
      "symbol": "SPX-USDT",
      "takerOrderId": "67502847f517900007d0a25f",
      "time": "1733306439997000000",
      "tradeId": "5972320643069953",
      "type": "match",
      "time_received": "10:00:40.0485"
    },
    {
      "makerOrderId": "67502847716ab30007e586cb",
      "price": "0.65",
      "sequence": "5972320643987457",
      "side": "buy",
      "size": "266.45",
      "symbol": "SPX-USDT",
      "takerOrderId": "675028483d4b3d000787eb4e",
      "time": "1733306440005000000",
      "tradeId": "5972320643987457",
      "type": "match",
      "time_received": "10:00:40.0591"
    },
    {
      "makerOrderId": "67502847716ab30007e586cb",
      "price": "0.65",
      "sequence": "5972320645429249",
      "side": "buy",
      "size": "34.71",
      "symbol": "SPX-USDT",
      "takerOrderId": "675028483d4b3d000787eb52",
      "time": "1733306440011000000",
      "tradeId": "5972320645429249",
      "type": "match",
      "time_received": "10:00:40.0688"
    },
    {
      "makerOrderId": "67502847716ab30007e586cb",
      "price": "0.65",
      "sequence": "5972320648574977",
      "side": "buy",
      "size": "46.04",
      "symbol": "SPX-USDT",
      "takerOrderId": "6750284841bdfd000793a637",
      "time": "1733306440020000000",
      "tradeId": "5972320648574977",
      "type": "match",
      "time_received": "10:00:40.0749"
    },
    {
      "makerOrderId": "67502847716ab30007e586cb",
      "price": "0.65",
      "sequence": "5972320650541057",
      "side": "buy",
      "size": "14.41",
      "symbol": "SPX-USDT",
      "takerOrderId": "675028483ecf43000757ae3a",
      "time": "1733306440030000000",
      "tradeId": "5972320650541057",
      "type": "match",
      "time_received": "10:00:40.0804"
    },
    {
      "makerOrderId": "67502847716ab30007e586cb",
      "price": "0.65",
      "sequence": "5972320651720705",
      "side": "buy",
      "size": "12.89",
      "symbol": "SPX-USDT",
      "takerOrderId": "675028481e1c9e000746b6b1",
      "time": "1733306440033000000",
      "tradeId": "5972320651720705",
      "type": "match",
      "time_received": "10:00:40.0868"
    },
    {
      "makerOrderId": "67502847716ab30007e586cb",
      "price": "0.65",
      "sequence": "5972320651982849",
      "side": "buy",
      "size": "29.66",
      "symbol": "SPX-USDT",
      "takerOrderId": "67502848aef36e00079df395",
      "time": "1733306440033000000",
      "tradeId": "5972320651982849",
      "type": "match",
      "time_received": "10:00:40.0869"
    },
    {
      "makerOrderId": "67502847716ab30007e586cb",
      "price": "0.65",
      "sequence": "5972320652638209",
      "side": "buy",
      "size": "41.79",
      "symbol": "SPX-USDT",
      "takerOrderId": "675028483d4b3d000787eb59",
      "time": "1733306440035000000",
      "tradeId": "5972320652638209",
      "type": "match",
      "time_received": "10:00:40.0870"
    },
    {
      "makerOrderId": "67502847716ab30007e586cb",
      "price": "0.65",
      "sequence": "5972320654211073",
      "side": "buy",
      "size": "16.99",
      "symbol": "SPX-USDT",
      "takerOrderId": "675028482e6b3a000734c34a",
      "time": "1733306440039000000",
      "tradeId": "5972320654211073",
      "type": "match",
      "time_received": "10:00:40.0935"
    },
    {
      "makerOrderId": "67502847716ab30007e586cb",
      "price": "0.65",
      "sequence": "5972320654473217",
      "side": "buy",
      "size": "15.22",
      "symbol": "SPX-USDT",
      "takerOrderId": "67502848ecb8b20007a28da5",
      "time": "1733306440040000000",
      "tradeId": "5972320654473217",
      "type": "match",
      "time_received": "10:00:40.0936"
    },
    {
      "makerOrderId": "67502847716ab30007e586cb",
      "price": "0.65",
      "sequence": "5972320656308225",
      "side": "buy",
      "size": "45.34",
      "symbol": "SPX-USDT",
      "takerOrderId": "675028483d4b3d000787eb5b",
      "time": "1733306440045000000",
      "tradeId": "5972320656308225",
      "type": "match",
      "time_received": "10:00:40.0987"
    },
    {
      "makerOrderId": "67502847716ab30007e586cb",
      "price": "0.65",
      "sequence": "5972320661944321",
      "side": "buy",
      "size": "21.29",
      "symbol": "SPX-USDT",
      "takerOrderId": "675028483d4b3d000787eb62",
      "time": "1733306440071000000",
      "tradeId": "5972320661944321",
      "type": "match",
      "time_received": "10:00:40.1245"
    },
    {
      "makerOrderId": "67502847716ab30007e586cb",
      "price": "0.65",
      "sequence": "5972320664303617",
      "side": "buy",
      "size": "18.13",
      "symbol": "SPX-USDT",
      "takerOrderId": "675028483d4b3d000787eb64",
      "time": "1733306440076000000",
      "tradeId": "5972320664303617",
      "type": "match",
      "time_received": "10:00:40.1312"
    },
    {
      "makerOrderId": "67502847716ab30007e586cb",
      "price": "0.65",
      "sequence": "5972320675575809",
      "side": "buy",
      "size": "25.73",
      "symbol": "SPX-USDT",
      "takerOrderId": "675028481ed0d80007ea2fc8",
      "time": "1733306440108000000",
      "tradeId": "5972320675575809",
      "type": "match",
      "time_received": "10:00:40.1618"
    },
    {
      "makerOrderId": "67502847716ab30007e586cb",
      "price": "0.65",
      "sequence": "5972320704280577",
      "side": "buy",
      "size": "48.35",
      "symbol": "SPX-USDT",
      "takerOrderId": "6750284841bdfd000793a725",
      "time": "1733306440193000000",
      "tradeId": "5972320704280577",
      "type": "match",
      "time_received": "10:00:40.2477"
    },
    {
      "makerOrderId": "67502847716ab30007e586cb",
      "price": "0.65",
      "sequence": "5972320708737025",
      "side": "buy",
      "size": "38.68",
      "symbol": "SPX-USDT",
      "takerOrderId": "675028488338b9000738f7d2",
      "time": "1733306440208000000",
      "tradeId": "5972320708737025",
      "type": "match",
      "time_received": "10:00:40.2621"
    },
    {
      "makerOrderId": "67502847716ab30007e586cb",
      "price": "0.65",
      "sequence": "5972320770603009",
      "side": "buy",
      "size": "10.69",
      "symbol": "SPX-USDT",
      "takerOrderId": "675028482e6b3a000734c543",
      "time": "1733306440398000000",
      "tradeId": "5972320770603009",
      "type": "match",
      "time_received": "10:00:40.4656"
    },
    {
      "makerOrderId": "67502847716ab30007e586cb",
      "price": "0.65",
      "sequence": "5972320774928385",
      "side": "buy",
      "size": "18.76",
      "symbol": "SPX-USDT",
      "takerOrderId": "675028481e254f0007d613b7",
      "time": "1733306440408000000",
      "tradeId": "5972320774928385",
      "type": "match",
      "time_received": "10:00:40.4702"
    },
    {
      "makerOrderId": "67502847716ab30007e586cb",
      "price": "0.65",
      "sequence": "5972320776239105",
      "side": "buy",
      "size": "12.2",
      "symbol": "SPX-USDT",
      "takerOrderId": "675028483bb37e00076acf21",
      "time": "1733306440410000000",
      "tradeId": "5972320776239105",
      "type": "match",
      "time_received": "10:00:40.4703"
    },
    {
      "makerOrderId": "67502847716ab30007e586cb",
      "price": "0.65",
      "sequence": "5972320776370177",
      "side": "buy",
      "size": "74.06",
      "symbol": "SPX-USDT",
      "takerOrderId": "675028489574f300070309ca",
      "time": "1733306440410000000",
      "tradeId": "5972320776370177",
      "type": "match",
      "time_received": "10:00:40.4706"
    },
    {
      "makerOrderId": "67502847716ab30007e586cb",
      "price": "0.65",
      "sequence": "5972320840202241",
      "side": "buy",
      "size": "54.05",
      "symbol": "SPX-USDT",
      "takerOrderId": "675028488338b9000738fa73",
      "time": "1733306440637000000",
      "tradeId": "5972320840202241",
      "type": "match",
      "time_received": "10:00:40.6908"
    },
    {
      "makerOrderId": "67502847716ab30007e586cb",
      "price": "0.65",
      "sequence": "5972320840333313",
      "side": "buy",
      "size": "24.66",
      "symbol": "SPX-USDT",
      "takerOrderId": "67502848fd80ce0007764235",
      "time": "1733306440637000000",
      "tradeId": "5972320840333313",
      "type": "match",
      "time_received": "10:00:40.6908"
    },
    {
      "makerOrderId": "67502847716ab30007e586cb",
      "price": "0.65",
      "sequence": "5972320842168321",
      "side": "buy",
      "size": "3",
      "symbol": "SPX-USDT",
      "takerOrderId": "67502848b1d2ab00077fb4fe",
      "time": "1733306440646000000",
      "tradeId": "5972320842168321",
      "type": "match",
      "time_received": "10:00:40.6955"
    },
    {
      "makerOrderId": "67502847716ab30007e586cb",
      "price": "0.65",
      "sequence": "5972320844134401",
      "side": "buy",
      "size": "34",
      "symbol": "SPX-USDT",
      "takerOrderId": "675028481e254f0007d613d6",
      "time": "1733306440650000000",
      "tradeId": "5972320844134401",
      "type": "match",
      "time_received": "10:00:40.7005"
    },
    {
      "makerOrderId": "67502847716ab30007e586cb",
      "price": "0.65",
      "sequence": "5972320889092097",
      "side": "buy",
      "size": "92.01",
      "symbol": "SPX-USDT",
      "takerOrderId": "675028483bb37e00076ad18a",
      "time": "1733306440797000000",
      "tradeId": "5972320889092097",
      "type": "match",
      "time_received": "10:00:40.8515"
    },
    {
      "makerOrderId": "67502847716ab30007e586cb",
      "price": "0.65",
      "sequence": "5972320889878529",
      "side": "buy",
      "size": "59.14",
      "symbol": "SPX-USDT",
      "takerOrderId": "675028481e1c9e000746bb19",
      "time": "1733306440800000000",
      "tradeId": "5972320889878529",
      "type": "match",
      "time_received": "10:00:40.8518"
    },
    {
      "makerOrderId": "67502847716ab30007e586cb",
      "price": "0.65",
      "sequence": "5972320897349633",
      "side": "buy",
      "size": "33.12",
      "symbol": "SPX-USDT",
      "takerOrderId": "67502848a398ab00078b89dc",
      "time": "1733306440831000000",
      "tradeId": "5972320897349633",
      "type": "match",
      "time_received": "10:00:40.8822"
    },
    {
      "makerOrderId": "67502847716ab30007e586cb",
      "price": "0.65",
      "sequence": "5972320898136065",
      "side": "buy",
      "size": "12.37",
      "symbol": "SPX-USDT",
      "takerOrderId": "6750284841bdfd000793ab19",
      "time": "1733306440835000000",
      "tradeId": "5972320898136065",
      "type": "match",
      "time_received": "10:00:40.8876"
    },
    {
      "makerOrderId": "67502843f517900007d082c5",
      "price": "0.658",
      "sequence": "5972321063155713",
      "side": "buy",
      "size": "29.32",
      "symbol": "SPX-USDT",
      "takerOrderId": "675028493d4b3d000787ec12",
      "time": "1733306441271000000",
      "tradeId": "5972321063155713",
      "type": "match",
      "time_received": "10:00:41.3222"
    },
    {
      "makerOrderId": "67502843f517900007d082c5",
      "price": "0.658",
      "sequence": "5972321166309377",
      "side": "buy",
      "size": "695.19",
      "symbol": "SPX-USDT",
      "takerOrderId": "67502849aef36e00079dfce9",
      "time": "1733306441560000000",
      "tradeId": "5972321166309377",
      "type": "match",
      "time_received": "10:00:41.6139"
    },
    {
      "makerOrderId": "67502843f517900007d082c5",
      "price": "0.658",
      "sequence": "5972321342470145",
      "side": "buy",
      "size": "51.92",
      "symbol": "SPX-USDT",
      "takerOrderId": "6750284941bdfd000793b1ff",
      "time": "1733306441981000000",
      "tradeId": "5972321342470145",
      "type": "match",
      "time_received": "10:00:42.0302"
    },
    {
      "makerOrderId": "67502843f517900007d082c5",
      "price": "0.658",
      "sequence": "5972321649440769",
      "side": "buy",
      "size": "604.07",
      "symbol": "SPX-USDT",
      "takerOrderId": "6750284afe36bf0007195dd8",
      "time": "1733306442759000000",
      "tradeId": "5972321649440769",
      "type": "match",
      "time_received": "10:00:42.8148"
    },
    {
      "makerOrderId": "67502840e7750000070cc7ad",
      "price": "0.6588",
      "sequence": "5972321649440772",
      "side": "buy",
      "size": "1350.82",
      "symbol": "SPX-USDT",
      "takerOrderId": "6750284afe36bf0007195dd8",
      "time": "1733306442759000000",
      "tradeId": "5972321649440772",
      "type": "match",
      "time_received": "10:00:42.8149"
    },
    {
      "makerOrderId": "6750283741bdfd0007933b2f",
      "price": "0.6589",
      "sequence": "5972321649440775",
      "side": "buy",
      "size": "907.9",
      "symbol": "SPX-USDT",
      "takerOrderId": "6750284afe36bf0007195dd8",
      "time": "1733306442759000000",
      "tradeId": "5972321649440775",
      "type": "match",
      "time_received": "10:00:42.8149"
    },
    {
      "makerOrderId": "67502832ce816c0007c4aca7",
      "price": "0.659",
      "sequence": "5972321649440778",
      "side": "buy",
      "size": "137.21",
      "symbol": "SPX-USDT",
      "takerOrderId": "6750284afe36bf0007195dd8",
      "time": "1733306442759000000",
      "tradeId": "5972321649440778",
      "type": "match",
      "time_received": "10:00:42.8150"
    },
    {
      "makerOrderId": "67502832ce816c0007c4aca7",
      "price": "0.659",
      "sequence": "5972321681160193",
      "side": "buy",
      "size": "67.29",
      "symbol": "SPX-USDT",
      "takerOrderId": "6750284ab1d2ab00077fc527",
      "time": "1733306442858000000",
      "tradeId": "5972321681160193",
      "type": "match",
      "time_received": "10:00:42.9128"
    },
    {
      "makerOrderId": "67502832ce816c0007c4aca7",
      "price": "0.659",
      "sequence": "5972322056550401",
      "side": "buy",
      "size": "5.27",
      "symbol": "SPX-USDT",
      "takerOrderId": "6750284b3d4b3d000787ee6f",
      "time": "1733306443840000000",
      "tradeId": "5972322056550401",
      "type": "match",
      "time_received": "10:00:43.8921"
    },
    {
      "makerOrderId": "6750284d2e6b3a000734e682",
      "price": "0.658",
      "sequence": "5972322776791041",
      "side": "buy",
      "size": "75.98",
      "symbol": "SPX-USDT",
      "takerOrderId": "6750284d3ecf43000757d4e0",
      "time": "1733306445974000000",
      "tradeId": "5972322776791041",
      "type": "match",
      "time_received": "10:00:46.0270"
    },
    {
      "makerOrderId": "6750284d2e6b3a000734e682",
      "price": "0.658",
      "sequence": "5972323696261121",
      "side": "buy",
      "size": "1.98",
      "symbol": "SPX-USDT",
      "takerOrderId": "6750284f3bb37e00076b0528",
      "time": "1733306447956000000",
      "tradeId": "5972323696261121",
      "type": "match",
      "time_received": "10:00:48.0113"
    },
    {
      "makerOrderId": "6750284d2e6b3a000734e682",
      "price": "0.658",
      "sequence": "5972324059592705",
      "side": "buy",
      "size": "44.77",
      "symbol": "SPX-USDT",
      "takerOrderId": "675028508338b90007393521",
      "time": "1733306448910000000",
      "tradeId": "5972324059592705",
      "type": "match",
      "time_received": "10:00:48.9596"
    },
    {
      "makerOrderId": "6750284d2e6b3a000734e682",
      "price": "0.658",
      "sequence": "5972324180441089",
      "side": "buy",
      "size": "736.63",
      "symbol": "SPX-USDT",
      "takerOrderId": "67502851fd061e000794bd4e",
      "time": "1733306449210000000",
      "tradeId": "5972324180441089",
      "type": "match",
      "time_received": "10:00:49.2641"
    },
    {
      "makerOrderId": "6750284d2e6b3a000734e682",
      "price": "0.658",
      "sequence": "5972324372199425",
      "side": "buy",
      "size": "40",
      "symbol": "SPX-USDT",
      "takerOrderId": "675028511e1c9e000746faa4",
      "time": "1733306449742000000",
      "tradeId": "5972324372199425",
      "type": "match",
      "time_received": "10:00:49.7965"
    },
    {
      "makerOrderId": "6750284d2e6b3a000734e682",
      "price": "0.658",
      "sequence": "5972324378490881",
      "side": "buy",
      "size": "6.26",
      "symbol": "SPX-USDT",
      "takerOrderId": "675028518338b90007393ae9",
      "time": "1733306449770000000",
      "tradeId": "5972324378490881",
      "type": "match",
      "time_received": "10:00:49.8251"
    },
    {
      "makerOrderId": "675028513ecf43000757f1e6",
      "price": "0.65",
      "sequence": "5972324768036865",
      "side": "sell",
      "size": "461.53",
      "symbol": "SPX-USDT",
      "takerOrderId": "675028523bb37e00076b169a",
      "time": "1733306450633000000",
      "tradeId": "5972324768036865",
      "type": "match",
      "time_received": "10:00:50.6919"
    },
    {
      "makerOrderId": "675028523bb37e00076b169a",
      "price": "0.65",
      "sequence": "5972324780881921",
      "side": "buy",
      "size": "136.41",
      "symbol": "SPX-USDT",
      "takerOrderId": "67502852ecb8b20007a2d733",
      "time": "1733306450661000000",
      "tradeId": "5972324780881921",
      "type": "match",
      "time_received": "10:00:50.7146"
    },
    {
      "makerOrderId": "675028523bb37e00076b169a",
      "price": "0.65",
      "sequence": "5972324781012993",
      "side": "buy",
      "size": "19.83",
      "symbol": "SPX-USDT",
      "takerOrderId": "675028521e254f0007d61cc2",
      "time": "1733306450661000000",
      "tradeId": "5972324781012993",
      "type": "match",
      "time_received": "10:00:50.7147"
    },
    {
      "makerOrderId": "675028523bb37e00076b169a",
      "price": "0.65",
      "sequence": "5972324781144065",
      "side": "buy",
      "size": "136.41",
      "symbol": "SPX-USDT",
      "takerOrderId": "675028521ed0d80007ea7907",
      "time": "1733306450661000000",
      "tradeId": "5972324781144065",
      "type": "match",
      "time_received": "10:00:50.7148"
    },
    {
      "makerOrderId": "675028523bb37e00076b169a",
      "price": "0.65",
      "sequence": "5972324781930497",
      "side": "buy",
      "size": "27.94",
      "symbol": "SPX-USDT",
      "takerOrderId": "67502852ce816c0007c58358",
      "time": "1733306450662000000",
      "tradeId": "5972324781930497",
      "type": "match",
      "time_received": "10:00:50.7149"
    },
    {
      "makerOrderId": "675028523bb37e00076b169a",
      "price": "0.65",
      "sequence": "5972324782061569",
      "side": "buy",
      "size": "27.94",
      "symbol": "SPX-USDT",
      "takerOrderId": "675028523d4b3d000787f4c0",
      "time": "1733306450662000000",
      "tradeId": "5972324782061569",
      "type": "match",
      "time_received": "10:00:50.7153"
    },
    {
      "makerOrderId": "675028523bb37e00076b169a",
      "price": "0.65",
      "sequence": "5972324782192641",
      "side": "buy",
      "size": "37.28",
      "symbol": "SPX-USDT",
      "takerOrderId": "67502852b1d2ab00077ffc64",
      "time": "1733306450662000000",
      "tradeId": "5972324782192641",
      "type": "match",
      "time_received": "10:00:50.7154"
    },
    {
      "makerOrderId": "675028523bb37e00076b169a",
      "price": "0.65",
      "sequence": "5972324782454785",
      "side": "buy",
      "size": "136.41",
      "symbol": "SPX-USDT",
      "takerOrderId": "675028521e254f0007d61cc4",
      "time": "1733306450662000000",
      "tradeId": "5972324782454785",
      "type": "match",
      "time_received": "10:00:50.7154"
    },
    {
      "makerOrderId": "675028523bb37e00076b169a",
      "price": "0.65",
      "sequence": "5972324782979073",
      "side": "buy",
      "size": "37.28",
      "symbol": "SPX-USDT",
      "takerOrderId": "675028522e6b3a0007350df7",
      "time": "1733306450664000000",
      "tradeId": "5972324782979073",
      "type": "match",
      "time_received": "10:00:50.7154"
    },
    {
      "makerOrderId": "675028523bb37e00076b169a",
      "price": "0.65",
      "sequence": "5972324783372289",
      "side": "buy",
      "size": "136.41",
      "symbol": "SPX-USDT",
      "takerOrderId": "6750285241bdfd000793efe2",
      "time": "1733306450664000000",
      "tradeId": "5972324783372289",
      "type": "match",
      "time_received": "10:00:50.7155"
    },
    {
      "makerOrderId": "675028523bb37e00076b169a",
      "price": "0.65",
      "sequence": "5972324783503361",
      "side": "buy",
      "size": "33.42",
      "symbol": "SPX-USDT",
      "takerOrderId": "67502852fd80ce0007768968",
      "time": "1733306450664000000",
      "tradeId": "5972324783503361",
      "type": "match",
      "time_received": "10:00:50.7155"
    },
    {
      "makerOrderId": "675028523bb37e00076b169a",
      "price": "0.65",
      "sequence": "5972324783634433",
      "side": "buy",
      "size": "128.24",
      "symbol": "SPX-USDT",
      "takerOrderId": "675028521e254f0007d61cc6",
      "time": "1733306450664000000",
      "tradeId": "5972324783634433",
      "type": "match",
      "time_received": "10:00:50.7156"
    },
    {
      "makerOrderId": "675028523bb37e00076b169a",
      "price": "0.65",
      "sequence": "5972324783765505",
      "side": "buy",
      "size": "25.36",
      "symbol": "SPX-USDT",
      "takerOrderId": "675028523bb37e00076b170a",
      "time": "1733306450664000000",
      "tradeId": "5972324783765505",
      "type": "match",
      "time_received": "10:00:50.7160"
    },
    {
      "makerOrderId": "675028523bb37e00076b169a",
      "price": "0.65",
      "sequence": "5972324786255873",
      "side": "buy",
      "size": "111.57",
      "symbol": "SPX-USDT",
      "takerOrderId": "675028523bb37e00076b1711",
      "time": "1733306450668000000",
      "tradeId": "5972324786255873",
      "type": "match",
      "time_received": "10:00:50.7209"
    },
    {
      "makerOrderId": "6750284d2e6b3a000734e682",
      "price": "0.658",
      "sequence": "5972324902516737",
      "side": "buy",
      "size": "10.33",
      "symbol": "SPX-USDT",
      "takerOrderId": "67502852fe36bf00071995e6",
      "time": "1733306450897000000",
      "tradeId": "5972324902516737",
      "type": "match",
      "time_received": "10:00:50.9509"
    },
    {
      "makerOrderId": "6750284d2e6b3a000734e682",
      "price": "0.658",
      "sequence": "5972325406750721",
      "side": "buy",
      "size": "30.39",
      "symbol": "SPX-USDT",
      "takerOrderId": "675028543d4b3d000787f5f1",
      "time": "1733306452161000000",
      "tradeId": "5972325406750721",
      "type": "match",
      "time_received": "10:00:52.2206"
    },
    {
      "makerOrderId": "67502854ecb8b20007a2e220",
      "price": "0.6572",
      "sequence": "5972325609125889",
      "side": "buy",
      "size": "461.53",
      "symbol": "SPX-USDT",
      "takerOrderId": "67502854ce816c0007c5908e",
      "time": "1733306452732000000",
      "tradeId": "5972325609125889",
      "type": "match",
      "time_received": "10:00:52.7870"
    },
    {
      "makerOrderId": "675028561ed0d80007ea8fd1",
      "price": "0.6577",
      "sequence": "5972326541703169",
      "side": "buy",
      "size": "149.46",
      "symbol": "SPX-USDT",
      "takerOrderId": "67502857ecb8b20007a2f2f5",
      "time": "1733306455056000000",
      "tradeId": "5972326541703169",
      "type": "match",
      "time_received": "10:00:55.1066"
    },
    {
      "makerOrderId": "675028578338b90007395fad",
      "price": "0.6508",
      "sequence": "5972326760331265",
      "side": "sell",
      "size": "460.97",
      "symbol": "SPX-USDT",
      "takerOrderId": "675028571ed0d80007ea98e4",
      "time": "1733306455729000000",
      "tradeId": "5972326760331265",
      "type": "match",
      "time_received": "10:00:55.7811"
    },
    {
      "makerOrderId": "675028562e6b3a00073524df",
      "price": "0.6504",
      "sequence": "5972326760331268",
      "side": "sell",
      "size": "461.25",
      "symbol": "SPX-USDT",
      "takerOrderId": "675028571ed0d80007ea98e4",
      "time": "1733306455729000000",
      "tradeId": "5972326760331268",
      "type": "match",
      "time_received": "10:00:55.7812"
    },
    {
      "makerOrderId": "675028553d4b3d000787f72f",
      "price": "0.65",
      "sequence": "5972326760331271",
      "side": "sell",
      "size": "609.04",
      "symbol": "SPX-USDT",
      "takerOrderId": "675028571ed0d80007ea98e4",
      "time": "1733306455729000000",
      "tradeId": "5972326760331271",
      "type": "match",
      "time_received": "10:00:55.7812"
    },
    {
      "makerOrderId": "67502858ff2a9e000707ba6d",
      "price": "0.6576",
      "sequence": "5972327420016641",
      "side": "buy",
      "size": "15",
      "symbol": "SPX-USDT",
      "takerOrderId": "6750285941bdfd0007941b52",
      "time": "1733306457625000000",
      "tradeId": "5972327420016641",
      "type": "match",
      "time_received": "10:00:57.6752"
    },
    {
      "makerOrderId": "67502858ff2a9e000707ba6d",
      "price": "0.6576",
      "sequence": "5972327909308417",
      "side": "buy",
      "size": "907.22",
      "symbol": "SPX-USDT",
      "takerOrderId": "6750285a716ab30007e606eb",
      "time": "1733306459002000000",
      "tradeId": "5972327909308417",
      "type": "match",
      "time_received": "10:00:59.0550"
    },
    {
      "makerOrderId": "675028561ed0d80007ea8fd1",
      "price": "0.6577",
      "sequence": "5972327909308420",
      "side": "buy",
      "size": "833.01",
      "symbol": "SPX-USDT",
      "takerOrderId": "6750285a716ab30007e606eb",
      "time": "1733306459002000000",
      "tradeId": "5972327909308420",
      "type": "match",
      "time_received": "10:00:59.0550"
    },
    {
      "makerOrderId": "67502857fd061e000794e47c",
      "price": "0.6578",
      "sequence": "5972327909308423",
      "side": "buy",
      "size": "3043.55",
      "symbol": "SPX-USDT",
      "takerOrderId": "6750285a716ab30007e606eb",
      "time": "1733306459002000000",
      "tradeId": "5972327909308423",
      "type": "match",
      "time_received": "10:00:59.0552"
    },
    {
      "makerOrderId": "6750284d2e6b3a000734e682",
      "price": "0.658",
      "sequence": "5972327909308426",
      "side": "buy",
      "size": "862.38",
      "symbol": "SPX-USDT",
      "takerOrderId": "6750285a716ab30007e606eb",
      "time": "1733306459002000000",
      "tradeId": "5972327909308426",
      "type": "match",
      "time_received": "10:00:59.0552"
    },
    {
      "makerOrderId": "6750285becb8b20007a30f44",
      "price": "0.6577",
      "sequence": "5972328991176705",
      "side": "buy",
      "size": "44.77",
      "symbol": "SPX-USDT",
      "takerOrderId": "6750285db1d2ab0007804609",
      "time": "1733306461671000000",
      "tradeId": "5972328991176705",
      "type": "match",
      "time_received": "10:01:01.7612"
    },
    {
      "makerOrderId": "6750285cb1d2ab0007803976",
      "price": "0.6576",
      "sequence": "5972329603938305",
      "side": "sell",
      "size": "7.6",
      "symbol": "SPX-USDT",
      "takerOrderId": "6750285f3ecf430007584c65",
      "time": "1733306463123000000",
      "tradeId": "5972329603938305",
      "type": "match",
      "time_received": "10:01:03.1791"
    },
    {
      "makerOrderId": "6750285cce816c0007c5c67f",
      "price": "0.6576",
      "sequence": "5972329603938308",
      "side": "sell",
      "size": "17.8",
      "symbol": "SPX-USDT",
      "takerOrderId": "6750285f3ecf430007584c65",
      "time": "1733306463123000000",
      "tradeId": "5972329603938308",
      "type": "match",
      "time_received": "10:01:03.1792"
    },
    {
      "makerOrderId": "6750285ff517900007d13ff3",
      "price": "0.6576",
      "sequence": "5972329603938311",
      "side": "sell",
      "size": "21.18",
      "symbol": "SPX-USDT",
      "takerOrderId": "6750285f3ecf430007584c65",
      "time": "1733306463123000000",
      "tradeId": "5972329603938311",
      "type": "match",
      "time_received": "10:01:03.1793"
    },
    {
      "makerOrderId": "6750285ff517900007d13ff3",
      "price": "0.6576",
      "sequence": "5972329614424065",
      "side": "sell",
      "size": "11.65",
      "symbol": "SPX-USDT",
      "takerOrderId": "6750285f1ed0d80007eacc4e",
      "time": "1733306463150000000",
      "tradeId": "5972329614424065",
      "type": "match",
      "time_received": "10:01:03.2043"
    },
    {
      "makerOrderId": "6750285becb8b20007a30f44",
      "price": "0.6577",
      "sequence": "5972329670260737",
      "side": "buy",
      "size": "15.17",
      "symbol": "SPX-USDT",
      "takerOrderId": "6750285f716ab30007e625e6",
      "time": "1733306463303000000",
      "tradeId": "5972329670260737",
      "type": "match",
      "time_received": "10:01:03.3571"
    },
    {
      "makerOrderId": "6750285becb8b20007a30f44",
      "price": "0.6577",
      "sequence": "5972330231642113",
      "side": "buy",
      "size": "10",
      "symbol": "SPX-USDT",
      "takerOrderId": "67502860716ab30007e63080",
      "time": "1733306464611000000",
      "tradeId": "5972330231642113",
      "type": "match",
      "time_received": "10:01:04.6646"
    },
    {
      "makerOrderId": "6750285becb8b20007a30f44",
      "price": "0.6577",
      "sequence": "5972330316969985",
      "side": "buy",
      "size": "7.5",
      "symbol": "SPX-USDT",
      "takerOrderId": "67502860fe36bf000719f490",
      "time": "1733306464860000000",
      "tradeId": "5972330316969985",
      "type": "match",
      "time_received": "10:01:04.9151"
    },
    {
      "makerOrderId": "6750285becb8b20007a30f44",
      "price": "0.6577",
      "sequence": "5972330372806657",
      "side": "buy",
      "size": "298.5",
      "symbol": "SPX-USDT",
      "takerOrderId": "67502860e7750000070da535",
      "time": "1733306464933000000",
      "tradeId": "5972330372806657",
      "type": "match",
      "time_received": "10:01:04.9875"
    },
    {
      "makerOrderId": "67502861ce816c0007c5e921",
      "price": "0.6575",
      "sequence": "5972331578013697",
      "side": "buy",
      "size": "29.85",
      "symbol": "SPX-USDT",
      "takerOrderId": "675028632e6b3a000735836d",
      "time": "1733306467856000000",
      "tradeId": "5972331578013697",
      "type": "match",
      "time_received": "10:01:07.9105"
    },
    {
      "makerOrderId": "67502861ce816c0007c5e921",
      "price": "0.6575",
      "sequence": "5972332617938945",
      "side": "buy",
      "size": "535.64",
      "symbol": "SPX-USDT",
      "takerOrderId": "675028663bb37e00076b9f3f",
      "time": "1733306470274000000",
      "tradeId": "5972332617938945",
      "type": "match",
      "time_received": "10:01:10.3280"
    },
    {
      "makerOrderId": "67502869fe36bf00071a3cb1",
      "price": "0.6561",
      "sequence": "5972334295529473",
      "side": "sell",
      "size": "1456.01",
      "symbol": "SPX-USDT",
      "takerOrderId": "67502869fd80ce000777326b",
      "time": "1733306473776000000",
      "tradeId": "5972334295529473",
      "type": "match",
      "time_received": "10:01:13.8251"
    },
    {
      "makerOrderId": "6750286c1e1c9e000747bbb2",
      "price": "0.6571",
      "sequence": "5972336314955777",
      "side": "buy",
      "size": "64.24",
      "symbol": "SPX-USDT",
      "takerOrderId": "6750286e1e254f0007d637d2",
      "time": "1733306478213000000",
      "tradeId": "5972336314955777",
      "type": "match",
      "time_received": "10:01:18.2664"
    },
    {
      "makerOrderId": "6750286c1e1c9e000747bbb2",
      "price": "0.6571",
      "sequence": "5972338093340673",
      "side": "buy",
      "size": "26.42",
      "symbol": "SPX-USDT",
      "takerOrderId": "67502871aef36e00079f2b88",
      "time": "1733306481691000000",
      "tradeId": "5972338093340673",
      "type": "match",
      "time_received": "10:01:21.7519"
    },
    {
      "makerOrderId": "67502872fe36bf00071a8ac6",
      "price": "0.6556",
      "sequence": "5972339348748289",
      "side": "sell",
      "size": "375.63",
      "symbol": "SPX-USDT",
      "takerOrderId": "675028747cf7ff000797e7d8",
      "time": "1733306484763000000",
      "tradeId": "5972339348748289",
      "type": "match",
      "time_received": "10:01:24.8172"
    },
    {
      "makerOrderId": "675028747cf7ff000797e7d8",
      "price": "0.6556",
      "sequence": "5972339501316097",
      "side": "buy",
      "size": "89.59",
      "symbol": "SPX-USDT",
      "takerOrderId": "67502875e7750000070e4e55",
      "time": "1733306485007000000",
      "tradeId": "5972339501316097",
      "type": "match",
      "time_received": "10:01:25.0620"
    },
    {
      "makerOrderId": "675028747cf7ff000797e7d8",
      "price": "0.6556",
      "sequence": "5972339592804353",
      "side": "buy",
      "size": "12.22",
      "symbol": "SPX-USDT",
      "takerOrderId": "675028758338b900073a4cde",
      "time": "1733306485214000000",
      "tradeId": "5972339592804353",
      "type": "match",
      "time_received": "10:01:25.2688"
    },
    {
      "makerOrderId": "675028747cf7ff000797e7d8",
      "price": "0.6556",
      "sequence": "5972339905804289",
      "side": "buy",
      "size": "27.17",
      "symbol": "SPX-USDT",
      "takerOrderId": "675028751e254f0007d64177",
      "time": "1733306486002000000",
      "tradeId": "5972339905804289",
      "type": "match",
      "time_received": "10:01:26.0591"
    },
    {
      "makerOrderId": "675028747cf7ff000797e7d8",
      "price": "0.6556",
      "sequence": "5972340411873281",
      "side": "buy",
      "size": "52.53",
      "symbol": "SPX-USDT",
      "takerOrderId": "6750287741bdfd0007950bdb",
      "time": "1733306487388000000",
      "tradeId": "5972340411873281",
      "type": "match",
      "time_received": "10:01:27.4436"
    },
    {
      "makerOrderId": "675028747cf7ff000797e7d8",
      "price": "0.6556",
      "sequence": "5972340777564161",
      "side": "buy",
      "size": "141.75",
      "symbol": "SPX-USDT",
      "takerOrderId": "675028783bb37e00076c395a",
      "time": "1733306488539000000",
      "tradeId": "5972340777564161",
      "type": "match",
      "time_received": "10:01:28.5943"
    },
    {
      "makerOrderId": "675028747cf7ff000797e7d8",
      "price": "0.6556",
      "sequence": "5972340861319169",
      "side": "buy",
      "size": "260.18",
      "symbol": "SPX-USDT",
      "takerOrderId": "67502878ecb8b20007a3fc5f",
      "time": "1733306488834000000",
      "tradeId": "5972340861319169",
      "type": "match",
      "time_received": "10:01:28.8976"
    },
    {
      "makerOrderId": "675028747cf7ff000797e7d8",
      "price": "0.6556",
      "sequence": "5972341446948865",
      "side": "buy",
      "size": "369.25",
      "symbol": "SPX-USDT",
      "takerOrderId": "6750287a8338b900073a711e",
      "time": "1733306490265000000",
      "tradeId": "5972341446948865",
      "type": "match",
      "time_received": "10:01:30.3212"
    },
    {
      "makerOrderId": "6750286c1e1c9e000747bbb2",
      "price": "0.6571",
      "sequence": "5972341446948868",
      "side": "buy",
      "size": "42.03",
      "symbol": "SPX-USDT",
      "takerOrderId": "6750287a8338b900073a711e",
      "time": "1733306490265000000",
      "tradeId": "5972341446948868",
      "type": "match",
      "time_received": "10:01:30.3214"
    },
    {
      "makerOrderId": "6750286c1e1c9e000747bbb2",
      "price": "0.6571",
      "sequence": "5972341631891457",
      "side": "buy",
      "size": "75.75",
      "symbol": "SPX-USDT",
      "takerOrderId": "6750287aa398ab00078d0559",
      "time": "1733306490699000000",
      "tradeId": "5972341631891457",
      "type": "match",
      "time_received": "10:01:30.7576"
    },
    {
      "makerOrderId": "6750286c1e1c9e000747bbb2",
      "price": "0.6571",
      "sequence": "5972342262740993",
      "side": "buy",
      "size": "98.18",
      "symbol": "SPX-USDT",
      "takerOrderId": "6750287ce7750000070e847a",
      "time": "1733306492105000000",
      "tradeId": "5972342262740993",
      "type": "match",
      "time_received": "10:01:32.1641"
    },
    {
      "makerOrderId": "6750286c1e1c9e000747bbb2",
      "price": "0.6571",
      "sequence": "5972343021647873",
      "side": "buy",
      "size": "75.76",
      "symbol": "SPX-USDT",
      "takerOrderId": "6750287e1e254f0007d6498e",
      "time": "1733306494029000000",
      "tradeId": "5972343021647873",
      "type": "match",
      "time_received": "10:01:34.0841"
    },
    {
      "makerOrderId": "6750286c1e1c9e000747bbb2",
      "price": "0.6571",
      "sequence": "5972343329142785",
      "side": "buy",
      "size": "53.93",
      "symbol": "SPX-USDT",
      "takerOrderId": "6750287eecb8b20007a42c29",
      "time": "1733306494737000000",
      "tradeId": "5972343329142785",
      "type": "match",
      "time_received": "10:01:34.7912"
    },
    {
      "makerOrderId": "6750287db1d2ab0007814938",
      "price": "0.657",
      "sequence": "5972344290686977",
      "side": "sell",
      "size": "221.13",
      "symbol": "SPX-USDT",
      "takerOrderId": "67502880e7750000070ea907",
      "time": "1733306496890000000",
      "tradeId": "5972344290686977",
      "type": "match",
      "time_received": "10:01:36.9441"
    },
    {
      "makerOrderId": "6750286c1e1c9e000747bbb2",
      "price": "0.6571",
      "sequence": "5972344458590209",
      "side": "buy",
      "size": "166.54",
      "symbol": "SPX-USDT",
      "takerOrderId": "675028818338b900073aa8dc",
      "time": "1733306497241000000",
      "tradeId": "5972344458590209",
      "type": "match",
      "time_received": "10:01:37.2952"
    },
    {
      "makerOrderId": "6750287db1d2ab0007814938",
      "price": "0.657",
      "sequence": "5972344560826369",
      "side": "sell",
      "size": "786.9",
      "symbol": "SPX-USDT",
      "takerOrderId": "67502881716ab30007e73c0b",
      "time": "1733306497498000000",
      "tradeId": "5972344560826369",
      "type": "match",
      "time_received": "10:01:37.5520"
    },
    {
      "makerOrderId": "6750286c1e1c9e000747bbb2",
      "price": "0.6571",
      "sequence": "5972344850495489",
      "side": "buy",
      "size": "75.87",
      "symbol": "SPX-USDT",
      "takerOrderId": "675028823ecf43000759697e",
      "time": "1733306498053000000",
      "tradeId": "5972344850495489",
      "type": "match",
      "time_received": "10:01:38.1075"
    },
    {
      "makerOrderId": "6750286c1e1c9e000747bbb2",
      "price": "0.6571",
      "sequence": "5972345110280193",
      "side": "buy",
      "size": "2",
      "symbol": "SPX-USDT",
      "takerOrderId": "67502882fd80ce000777fecc",
      "time": "1733306498694000000",
      "tradeId": "5972345110280193",
      "type": "match",
      "time_received": "10:01:38.7508"
    },
    {
      "makerOrderId": "6750286c1e1c9e000747bbb2",
      "price": "0.6571",
      "sequence": "5972345330612225",
      "side": "buy",
      "size": "48.8",
      "symbol": "SPX-USDT",
      "takerOrderId": "67502883aef36e00079fb551",
      "time": "1733306499258000000",
      "tradeId": "5972345330612225",
      "type": "match",
      "time_received": "10:01:39.3127"
    },
    {
      "makerOrderId": "6750286c1e1c9e000747bbb2",
      "price": "0.6571",
      "sequence": "5972345608222721",
      "side": "buy",
      "size": "75.5",
      "symbol": "SPX-USDT",
      "takerOrderId": "675028839574f3000704d099",
      "time": "1733306499991000000",
      "tradeId": "5972345608222721",
      "type": "match",
      "time_received": "10:01:40.0462"
    },
    {
      "makerOrderId": "6750286c1e1c9e000747bbb2",
      "price": "0.6571",
      "sequence": "5972345763805185",
      "side": "buy",
      "size": "759.87",
      "symbol": "SPX-USDT",
      "takerOrderId": "67502884b1d2ab00078180b4",
      "time": "1733306500420000000",
      "tradeId": "5972345763805185",
      "type": "match",
      "time_received": "10:01:40.4739"
    },
    {
      "makerOrderId": "6750286c1e1c9e000747bbb2",
      "price": "0.6571",
      "sequence": "5972345812301825",
      "side": "buy",
      "size": "91",
      "symbol": "SPX-USDT",
      "takerOrderId": "67502884fe36bf00071b17e8",
      "time": "1733306500570000000",
      "tradeId": "5972345812301825",
      "type": "match",
      "time_received": "10:01:40.6219"
    },
    {
      "makerOrderId": "6750286c1e1c9e000747bbb2",
      "price": "0.6571",
      "sequence": "5972345823836161",
      "side": "buy",
      "size": "626.76",
      "symbol": "SPX-USDT",
      "takerOrderId": "675028847cf7ff0007986460",
      "time": "1733306500603000000",
      "tradeId": "5972345823836161",
      "type": "match",
      "time_received": "10:01:40.6539"
    },
    {
      "makerOrderId": "67502861a398ab00078c36d5",
      "price": "0.658",
      "sequence": "5972345823836164",
      "side": "buy",
      "size": "133.11",
      "symbol": "SPX-USDT",
      "takerOrderId": "675028847cf7ff0007986460",
      "time": "1733306500603000000",
      "tradeId": "5972345823836164",
      "type": "match",
      "time_received": "10:01:40.6540"
    },
    {
      "makerOrderId": "67502861a398ab00078c36d5",
      "price": "0.658",
      "sequence": "5972345909950465",
      "side": "buy",
      "size": "101.72",
      "symbol": "SPX-USDT",
      "takerOrderId": "67502884fd061e0007964cb4",
      "time": "1733306500854000000",
      "tradeId": "5972345909950465",
      "type": "match",
      "time_received": "10:01:40.9085"
    },
    {
      "makerOrderId": "67502861a398ab00078c36d5",
      "price": "0.658",
      "sequence": "5972346014808065",
      "side": "buy",
      "size": "75.5",
      "symbol": "SPX-USDT",
      "takerOrderId": "67502885ff2a9e0007091af0",
      "time": "1733306501083000000",
      "tradeId": "5972346014808065",
      "type": "match",
      "time_received": "10:01:41.1374"
    },
    {
      "makerOrderId": "67502861a398ab00078c36d5",
      "price": "0.658",
      "sequence": "5972346119141377",
      "side": "buy",
      "size": "303.26",
      "symbol": "SPX-USDT",
      "takerOrderId": "67502885ecb8b20007a46081",
      "time": "1733306501368000000",
      "tradeId": "5972346119141377",
      "type": "match",
      "time_received": "10:01:41.4232"
    },
    {
      "makerOrderId": "67502861a398ab00078c36d5",
      "price": "0.658",
      "sequence": "5972346144438273",
      "side": "buy",
      "size": "75.87",
      "symbol": "SPX-USDT",
      "takerOrderId": "675028859574f3000704da3b",
      "time": "1733306501450000000",
      "tradeId": "5972346144438273",
      "type": "match",
      "time_received": "10:01:41.5034"
    },
    {
      "makerOrderId": "67502861a398ab00078c36d5",
      "price": "0.658",
      "sequence": "5972346148894721",
      "side": "buy",
      "size": "303.26",
      "symbol": "SPX-USDT",
      "takerOrderId": "67502885fd061e00079650c1",
      "time": "1733306501466000000",
      "tradeId": "5972346148894721",
      "type": "match",
      "time_received": "10:01:41.5186"
    },
    {
      "makerOrderId": "67502861a398ab00078c36d5",
      "price": "0.658",
      "sequence": "5972346190706689",
      "side": "buy",
      "size": "303.26",
      "symbol": "SPX-USDT",
      "takerOrderId": "67502885f517900007d27722",
      "time": "1733306501582000000",
      "tradeId": "5972346190706689",
      "type": "match",
      "time_received": "10:01:41.6375"
    },
    {
      "makerOrderId": "67502861a398ab00078c36d5",
      "price": "0.658",
      "sequence": "5972346210891777",
      "side": "buy",
      "size": "759.87",
      "symbol": "SPX-USDT",
      "takerOrderId": "675028853bb37e00076ca0f3",
      "time": "1733306501655000000",
      "tradeId": "5972346210891777",
      "type": "match",
      "time_received": "10:01:41.7072"
    },
    {
      "makerOrderId": "67502861a398ab00078c36d5",
      "price": "0.658",
      "sequence": "5972346218887169",
      "side": "buy",
      "size": "303.26",
      "symbol": "SPX-USDT",
      "takerOrderId": "67502885716ab30007e75bc2",
      "time": "1733306501677000000",
      "tradeId": "5972346218887169",
      "type": "match",
      "time_received": "10:01:41.7325"
    },
    {
      "makerOrderId": "67502861a398ab00078c36d5",
      "price": "0.658",
      "sequence": "5972346231601153",
      "side": "buy",
      "size": "75.5",
      "symbol": "SPX-USDT",
      "takerOrderId": "675028852e6b3a00073699ad",
      "time": "1733306501711000000",
      "tradeId": "5972346231601153",
      "type": "match",
      "time_received": "10:01:41.7657"
    },
    {
      "makerOrderId": "67502861a398ab00078c36d5",
      "price": "0.658",
      "sequence": "5972346232256513",
      "side": "buy",
      "size": "303.26",
      "symbol": "SPX-USDT",
      "takerOrderId": "67502885fd80ce0007781381",
      "time": "1733306501712000000",
      "tradeId": "5972346232256513",
      "type": "match",
      "time_received": "10:01:41.7659"
    },
    {
      "makerOrderId": "67502861a398ab00078c36d5",
      "price": "0.658",
      "sequence": "5972346259126273",
      "side": "buy",
      "size": "303.26",
      "symbol": "SPX-USDT",
      "takerOrderId": "675028853ecf430007598415",
      "time": "1733306501810000000",
      "tradeId": "5972346259126273",
      "type": "match",
      "time_received": "10:01:41.8649"
    },
    {
      "makerOrderId": "67502861a398ab00078c36d5",
      "price": "0.658",
      "sequence": "5972346261354497",
      "side": "buy",
      "size": "759.87",
      "symbol": "SPX-USDT",
      "takerOrderId": "675028858338b900073aca9e",
      "time": "1733306501815000000",
      "tradeId": "5972346261354497",
      "type": "match",
      "time_received": "10:01:41.8650"
    },
    {
      "makerOrderId": "67502861a398ab00078c36d5",
      "price": "0.658",
      "sequence": "5972346313521153",
      "side": "buy",
      "size": "303.26",
      "symbol": "SPX-USDT",
      "takerOrderId": "675028851ed0d80007ec0517",
      "time": "1733306501912000000",
      "tradeId": "5972346313521153",
      "type": "match",
      "time_received": "10:01:41.9683"
    },
    {
      "makerOrderId": "67502861a398ab00078c36d5",
      "price": "0.658",
      "sequence": "5972346344454145",
      "side": "buy",
      "size": "303.26",
      "symbol": "SPX-USDT",
      "takerOrderId": "67502886ce816c0007c70ff5",
      "time": "1733306502021000000",
      "tradeId": "5972346344454145",
      "type": "match",
      "time_received": "10:01:42.0760"
    },
    {
      "makerOrderId": "67502861a398ab00078c36d5",
      "price": "0.658",
      "sequence": "5972346381023233",
      "side": "buy",
      "size": "303.26",
      "symbol": "SPX-USDT",
      "takerOrderId": "67502886716ab30007e75e7f",
      "time": "1733306502134000000",
      "tradeId": "5972346381023233",
      "type": "match",
      "time_received": "10:01:42.1889"
    },
    {
      "makerOrderId": "67502861a398ab00078c36d5",
      "price": "0.658",
      "sequence": "5972346389018625",
      "side": "buy",
      "size": "455.92",
      "symbol": "SPX-USDT",
      "takerOrderId": "675028861e1c9e0007488d94",
      "time": "1733306502166000000",
      "tradeId": "5972346389018625",
      "type": "match",
      "time_received": "10:01:42.2211"
    },
    {
      "makerOrderId": "675028863ecf430007598697",
      "price": "0.6578",
      "sequence": "5972346475264001",
      "side": "buy",
      "size": "1517.91",
      "symbol": "SPX-USDT",
      "takerOrderId": "675028869574f3000704dfc1",
      "time": "1733306502420000000",
      "tradeId": "5972346475264001",
      "type": "match",
      "time_received": "10:01:42.4720"
    },
    {
      "makerOrderId": "67502861a398ab00078c36d5",
      "price": "0.658",
      "sequence": "5972346513668097",
      "side": "buy",
      "size": "75.87",
      "symbol": "SPX-USDT",
      "takerOrderId": "67502886fd80ce0007781872",
      "time": "1733306502521000000",
      "tradeId": "5972346513668097",
      "type": "match",
      "time_received": "10:01:42.5764"
    },
    {
      "makerOrderId": "67502861a398ab00078c36d5",
      "price": "0.658",
      "sequence": "5972346608302081",
      "side": "buy",
      "size": "75.01",
      "symbol": "SPX-USDT",
      "takerOrderId": "67502886f517900007d27df9",
      "time": "1733306502773000000",
      "tradeId": "5972346608302081",
      "type": "match",
      "time_received": "10:01:42.8280"
    },
    {
      "makerOrderId": "67502861a398ab00078c36d5",
      "price": "0.658",
      "sequence": "5972346673707009",
      "side": "buy",
      "size": "179.79",
      "symbol": "SPX-USDT",
      "takerOrderId": "67502886aef36e00079fcd7a",
      "time": "1733306502925000000",
      "tradeId": "5972346673707009",
      "type": "match",
      "time_received": "10:01:42.9780"
    },
    {
      "makerOrderId": "67502861a398ab00078c36d5",
      "price": "0.658",
      "sequence": "5972346683668481",
      "side": "buy",
      "size": "75.01",
      "symbol": "SPX-USDT",
      "takerOrderId": "67502886ce816c0007c7156e",
      "time": "1733306502961000000",
      "tradeId": "5972346683668481",
      "type": "match",
      "time_received": "10:01:43.0162"
    },
    {
      "makerOrderId": "67502861a398ab00078c36d5",
      "price": "0.658",
      "sequence": "5972346689173505",
      "side": "buy",
      "size": "153.9",
      "symbol": "SPX-USDT",
      "takerOrderId": "67502886ce816c0007c71575",
      "time": "1733306502983000000",
      "tradeId": "5972346689173505",
      "type": "match",
      "time_received": "10:01:43.0386"
    },
    {
      "makerOrderId": "67502882716ab30007e7459c",
      "price": "0.6584",
      "sequence": "5972346689173508",
      "side": "buy",
      "size": "100.9",
      "symbol": "SPX-USDT",
      "takerOrderId": "67502886ce816c0007c71575",
      "time": "1733306502983000000",
      "tradeId": "5972346689173508",
      "type": "match",
      "time_received": "10:01:43.0387"
    },
    {
      "makerOrderId": "67502882716ab30007e7459c",
      "price": "0.6584",
      "sequence": "5972346739111937",
      "side": "buy",
      "size": "303.26",
      "symbol": "SPX-USDT",
      "takerOrderId": "67502887fd80ce0007781c18",
      "time": "1733306503136000000",
      "tradeId": "5972346739111937",
      "type": "match",
      "time_received": "10:01:43.1865"
    },
    {
      "makerOrderId": "67502882716ab30007e7459c",
      "price": "0.6584",
      "sequence": "5972346753398785",
      "side": "buy",
      "size": "75.01",
      "symbol": "SPX-USDT",
      "takerOrderId": "67502887ff2a9e0007092779",
      "time": "1733306503171000000",
      "tradeId": "5972346753398785",
      "type": "match",
      "time_received": "10:01:43.2289"
    },
    {
      "makerOrderId": "67502882716ab30007e7459c",
      "price": "0.6584",
      "sequence": "5972346811594753",
      "side": "buy",
      "size": "30.24",
      "symbol": "SPX-USDT",
      "takerOrderId": "675028879574f3000704e5c4",
      "time": "1733306503319000000",
      "tradeId": "5972346811594753",
      "type": "match",
      "time_received": "10:01:43.3721"
    },
    {
      "makerOrderId": "67502882716ab30007e7459c",
      "price": "0.6584",
      "sequence": "5972346822473729",
      "side": "buy",
      "size": "1008.59",
      "symbol": "SPX-USDT",
      "takerOrderId": "67502887716ab30007e7658c",
      "time": "1733306503353000000",
      "tradeId": "5972346822473729",
      "type": "match",
      "time_received": "10:01:43.4083"
    },
    {
      "makerOrderId": "67502887716ab30007e7658c",
      "price": "0.659",
      "sequence": "5972346826536961",
      "side": "sell",
      "size": "18.45",
      "symbol": "SPX-USDT",
      "takerOrderId": "67502887b1d2ab00078192e6",
      "time": "1733306503364000000",
      "tradeId": "5972346826536961",
      "type": "match",
      "time_received": "10:01:43.4202"
    },
    {
      "makerOrderId": "67502887716ab30007e7658c",
      "price": "0.659",
      "sequence": "5972346828371969",
      "side": "sell",
      "size": "153.92",
      "symbol": "SPX-USDT",
      "takerOrderId": "67502887fd80ce0007781d8a",
      "time": "1733306503370000000",
      "tradeId": "5972346828371969",
      "type": "match",
      "time_received": "10:01:43.4203"
    },
    {
      "makerOrderId": "67502887716ab30007e7658c",
      "price": "0.659",
      "sequence": "5972346831124481",
      "side": "sell",
      "size": "191.45",
      "symbol": "SPX-USDT",
      "takerOrderId": "675028877cf7ff0007987583",
      "time": "1733306503379000000",
      "tradeId": "5972346831124481",
      "type": "match",
      "time_received": "10:01:43.4332"
    },
    {
      "makerOrderId": "67502887716ab30007e7658c",
      "price": "0.659",
      "sequence": "5972346831910913",
      "side": "sell",
      "size": "486.83",
      "symbol": "SPX-USDT",
      "takerOrderId": "67502887ecb8b20007a46c76",
      "time": "1733306503383000000",
      "tradeId": "5972346831910913",
      "type": "match",
      "time_received": "10:01:43.4333"
    },
    {
      "makerOrderId": "675028463d4b3d000787ea70",
      "price": "0.6599",
      "sequence": "5972346884208641",
      "side": "buy",
      "size": "30.24",
      "symbol": "SPX-USDT",
      "takerOrderId": "67502887ff2a9e000709299c",
      "time": "1733306503515000000",
      "tradeId": "5972346884208641",
      "type": "match",
      "time_received": "10:01:43.5663"
    },
    {
      "makerOrderId": "67502887aef36e00079fd129",
      "price": "0.6588",
      "sequence": "5972346884339713",
      "side": "sell",
      "size": "18.45",
      "symbol": "SPX-USDT",
      "takerOrderId": "67502887fd061e0007965cdf",
      "time": "1733306503515000000",
      "tradeId": "5972346884339713",
      "type": "match",
      "time_received": "10:01:43.5663"
    },
    {
      "makerOrderId": "67502887aef36e00079fd129",
      "price": "0.6588",
      "sequence": "5972346886174721",
      "side": "sell",
      "size": "16.1",
      "symbol": "SPX-USDT",
      "takerOrderId": "67502887e7750000070ed866",
      "time": "1733306503522000000",
      "tradeId": "5972346886174721",
      "type": "match",
      "time_received": "10:01:43.5767"
    },
    {
      "makerOrderId": "67502887aef36e00079fd129",
      "price": "0.6588",
      "sequence": "5972346918025217",
      "side": "sell",
      "size": "12.92",
      "symbol": "SPX-USDT",
      "takerOrderId": "675028873bb37e00076cac99",
      "time": "1733306503630000000",
      "tradeId": "5972346918025217",
      "type": "match",
      "time_received": "10:01:43.6816"
    },
    {
      "makerOrderId": "675028463d4b3d000787ea70",
      "price": "0.6599",
      "sequence": "5972346953545729",
      "side": "buy",
      "size": "37",
      "symbol": "SPX-USDT",
      "takerOrderId": "67502887fd80ce0007781fd5",
      "time": "1733306503723000000",
      "tradeId": "5972346953545729",
      "type": "match",
      "time_received": "10:01:43.7721"
    },
    {
      "makerOrderId": "675028463d4b3d000787ea70",
      "price": "0.6599",
      "sequence": "5972346985920513",
      "side": "buy",
      "size": "30.24",
      "symbol": "SPX-USDT",
      "takerOrderId": "67502887ecb8b20007a46f34",
      "time": "1733306503835000000",
      "tradeId": "5972346985920513",
      "type": "match",
      "time_received": "10:01:43.8906"
    },
    {
      "makerOrderId": "675028463d4b3d000787ea70",
      "price": "0.6599",
      "sequence": "5972347286861825",
