{
  "metadata": {
    "symbol": "QUILL",
    "channel": "match",
    "start_time": "09:59:30.0000",
    "release_time": "10:00:00.0000",
    "end_time": "10:20:00.0000",
    "total_messages": 4331,
    "final_snapshot": {
      "time": "10:20:00.0230",
      "symbol": "QUILL-USDT",
      "price_high": "1.7",
      "price_last": "1.3689",
      "price_low": "0.6",
      "price_avg": null,
      "volValue_USDT": "133870.987098"
    }
  },
  "data": [
    {
      "price": "0.6",
      "sequence": "5899022371010561",
      "side": "sell",
      "size": "1",
      "symbol": "QUILL-USDT",
      "time": "1733133600000000000",
      "tradeId": "5899022371010561",
      "type": "match",
      "time_received": "10:00:00.1037"
    },
    {
      "makerOrderId": "674d5cf6f61fa00007fd49f0",
      "price": "0.6444",
      "sequence": "5899022374156289",
      "side": "buy",
      "size": "57.9",
      "symbol": "QUILL-USDT",
      "takerOrderId": "674d85208b053b0007dff6e2",
      "time": "1733133600052000000",
      "tradeId": "5899022374156289",
      "type": "match",
      "time_received": "10:00:00.1042"
    },
    {
      "makerOrderId": "674d5cf6dcdd7b0007aa3b68",
      "price": "0.6889",
      "sequence": "5899022374156292",
      "side": "buy",
      "size": "101.2",
      "symbol": "QUILL-USDT",
      "takerOrderId": "674d85208b053b0007dff6e2",
      "time": "1733133600052000000",
      "tradeId": "5899022374156292",
      "type": "match",
      "time_received": "10:00:00.1043"
    },
    {
      "makerOrderId": "674d5cf6812d4000077e2b98",
      "price": "0.7333",
      "sequence": "5899022381234177",
      "side": "buy",
      "size": "146.95",
      "symbol": "QUILL-USDT",
      "takerOrderId": "674d85208b053b0007dff73b",
      "time": "1733133600068000000",
      "tradeId": "5899022381234177",
      "type": "match",
      "time_received": "10:00:00.1153"
    },
    {
      "makerOrderId": "674d5cf5dcdd7b0007aa36a2",
      "price": "0.7778",
      "sequence": "5899022381234180",
      "side": "buy",
      "size": "173.97",
      "symbol": "QUILL-USDT",
      "takerOrderId": "674d85208b053b0007dff73b",
      "time": "1733133600068000000",
      "tradeId": "5899022381234180",
      "type": "match",
      "time_received": "10:00:00.1260"
    },
    {
      "makerOrderId": "674d5cf51adbea0007439aeb",
      "price": "0.8222",
      "sequence": "5899022381627393",
      "side": "buy",
      "size": "222.72",
      "symbol": "QUILL-USDT",
      "takerOrderId": "674d85208b053b0007dff71e",
      "time": "1733133600068000000",
      "tradeId": "5899022381627393",
      "type": "match",
      "time_received": "10:00:00.1261"
    },
    {
      "makerOrderId": "674d5cf51adbea0007439ae7",
      "price": "0.8667",
      "sequence": "5899022381627396",
      "side": "buy",
      "size": "259.06",
      "symbol": "QUILL-USDT",
      "takerOrderId": "674d85208b053b0007dff71e",
      "time": "1733133600068000000",
      "tradeId": "5899022381627396",
      "type": "match",
      "time_received": "10:00:00.1263"
    },
    {
      "makerOrderId": "674d5cf4725fc600079a717d",
      "price": "0.9111",
      "sequence": "5899022381758465",
      "side": "buy",
      "size": "301.83",
      "symbol": "QUILL-USDT",
      "takerOrderId": "674d85208b053b0007dff74a",
      "time": "1733133600070000000",
      "tradeId": "5899022381758465",
      "type": "match",
      "time_received": "10:00:00.1264"
    },
    {
      "makerOrderId": "674d5cf4dcdd7b0007aa31e7",
      "price": "0.9556",
      "sequence": "5899022381758468",
      "side": "buy",
      "size": "238.17",
      "symbol": "QUILL-USDT",
      "takerOrderId": "674d85208b053b0007dff74a",
      "time": "1733133600070000000",
      "tradeId": "5899022381758468",
      "type": "match",
      "time_received": "10:00:00.1266"
    },
    {
      "makerOrderId": "674d5cf4dcdd7b0007aa31e7",
      "price": "0.9556",
      "sequence": "5899022386477057",
      "side": "buy",
      "size": "97.34",
      "symbol": "QUILL-USDT",
      "takerOrderId": "674d85208b053b0007dff79e",
      "time": "1733133600081000000",
      "tradeId": "5899022386477057",
      "type": "match",
      "time_received": "10:00:00.1374"
    },
    {
      "makerOrderId": "674d5cf814a89200071b365b",
      "price": "1",
      "sequence": "5899022386477060",
      "side": "buy",
      "size": "11.28",
      "symbol": "QUILL-USDT",
      "takerOrderId": "674d85208b053b0007dff79e",
      "time": "1733133600081000000",
      "tradeId": "5899022386477060",
      "type": "match",
      "time_received": "10:00:00.1756"
    },
    {
      "makerOrderId": "674d5cfadcdd7b0007aa4e9d",
      "price": "1",
      "sequence": "5899022386477063",
      "side": "buy",
      "size": "412.64",
      "symbol": "QUILL-USDT",
      "takerOrderId": "674d85208b053b0007dff79e",
      "time": "1733133600081000000",
      "tradeId": "5899022386477063",
      "type": "match",
      "time_received": "10:00:00.1757"
    },
    {
      "makerOrderId": "674d5cf8e21c740007254af7",
      "price": "1.0286",
      "sequence": "5899022386477066",
      "side": "buy",
      "size": "4",
      "symbol": "QUILL-USDT",
      "takerOrderId": "674d85208b053b0007dff79e",
      "time": "1733133600081000000",
      "tradeId": "5899022386477066",
      "type": "match",
      "time_received": "10:00:00.1757"
    },
    {
      "makerOrderId": "674d5cf8e21c740007254af7",
      "price": "1.0286",
      "sequence": "5899022386608129",
      "side": "buy",
      "size": "46.67",
      "symbol": "QUILL-USDT",
      "takerOrderId": "674d85208b053b0007dff75b",
      "time": "1733133600081000000",
      "tradeId": "5899022386608129",
      "type": "match",
      "time_received": "10:00:00.1758"
    },
    {
      "makerOrderId": "674d5cf82033a500070c8d2b",
      "price": "1.0571",
      "sequence": "5899022386608132",
      "side": "buy",
      "size": "80.56",
      "symbol": "QUILL-USDT",
      "takerOrderId": "674d85208b053b0007dff75b",
      "time": "1733133600081000000",
      "tradeId": "5899022386608132",
      "type": "match",
      "time_received": "10:00:00.1758"
    },
    {
      "makerOrderId": "674d5cf75a55500007a1433f",
      "price": "1.0857",
      "sequence": "5899022386608135",
      "side": "buy",
      "size": "118.3",
      "symbol": "QUILL-USDT",
      "takerOrderId": "674d85208b053b0007dff75b",
      "time": "1733133600081000000",
      "tradeId": "5899022386608135",
      "type": "match",
      "time_received": "10:00:00.1758"
    },
    {
      "makerOrderId": "674d5cf714a89200071b31e9",
      "price": "1.1143",
      "sequence": "5899022386608138",
      "side": "buy",
      "size": "152.21",
      "symbol": "QUILL-USDT",
      "takerOrderId": "674d85208b053b0007dff75b",
      "time": "1733133600081000000",
      "tradeId": "5899022386608138",
      "type": "match",
      "time_received": "10:00:00.1759"
    },
    {
      "makerOrderId": "674d5cf75a55500007a14340",
      "price": "1.1429",
      "sequence": "5899022391064577",
      "side": "buy",
      "size": "197.24",
      "symbol": "QUILL-USDT",
      "takerOrderId": "674d85202033a500076ee3cd",
      "time": "1733133600090000000",
      "tradeId": "5899022391064577",
      "type": "match",
      "time_received": "10:00:00.1759"
    },
    {
      "makerOrderId": "674d5cf6812d4000077e2b96",
      "price": "1.1714",
      "sequence": "5899022391064580",
      "side": "buy",
      "size": "234.58",
      "symbol": "QUILL-USDT",
      "takerOrderId": "674d85202033a500076ee3cd",
      "time": "1733133600090000000",
      "tradeId": "5899022391064580",
      "type": "match",
      "time_received": "10:00:00.1760"
    },
    {
      "makerOrderId": "674d5cf62033a500070c8303",
      "price": "1.2",
      "sequence": "5899022391064583",
      "side": "buy",
      "size": "93.44",
      "symbol": "QUILL-USDT",
      "takerOrderId": "674d85202033a500076ee3cd",
      "time": "1733133600090000000",
      "tradeId": "5899022391064583",
      "type": "match",
      "time_received": "10:00:00.1760"
    },
    {
      "makerOrderId": "674d5cf62033a500070c8303",
      "price": "1.2",
      "sequence": "5899022423046145",
      "side": "buy",
      "size": "178.9",
      "symbol": "QUILL-USDT",
      "takerOrderId": "674d85202033a500076ee516",
      "time": "1733133600155000000",
      "tradeId": "5899022423046145",
      "type": "match",
      "time_received": "10:00:00.2030"
    },
    {
      "makerOrderId": "674d5cf6f61fa00007fd49fe",
      "price": "1.2286",
      "sequence": "5899022423046148",
      "side": "buy",
      "size": "302.57",
      "symbol": "QUILL-USDT",
      "takerOrderId": "674d85202033a500076ee516",
      "time": "1733133600155000000",
      "tradeId": "5899022423046148",
      "type": "match",
      "time_received": "10:00:00.2031"
    },
    {
      "makerOrderId": "674d5cf5b26bfb00076ee84a",
      "price": "1.2571",
      "sequence": "5899022423046151",
      "side": "buy",
      "size": "336.76",
      "symbol": "QUILL-USDT",
      "takerOrderId": "674d85202033a500076ee516",
      "time": "1733133600155000000",
      "tradeId": "5899022423046151",
      "type": "match",
      "time_received": "10:00:00.2031"
    },
    {
      "makerOrderId": "674d5cf5f61fa00007fd4502",
      "price": "1.2857",
      "sequence": "5899022423046154",
      "side": "buy",
      "size": "368.91",
      "symbol": "QUILL-USDT",
      "takerOrderId": "674d85202033a500076ee516",
      "time": "1733133600155000000",
      "tradeId": "5899022423046154",
      "type": "match",
      "time_received": "10:00:00.2032"
    },
    {
      "makerOrderId": "674d5cf533b8f30007f52eae",
      "price": "1.3143",
      "sequence": "5899022423046157",
      "side": "buy",
      "size": "34.86",
      "symbol": "QUILL-USDT",
      "takerOrderId": "674d85202033a500076ee516",
      "time": "1733133600155000000",
      "tradeId": "5899022423046157",
      "type": "match",
      "time_received": "10:00:00.2032"
    },
    {
      "makerOrderId": "674d5cf533b8f30007f52eae",
      "price": "1.3143",
      "sequence": "5899022467217409",
      "side": "buy",
      "size": "166",
      "symbol": "QUILL-USDT",
      "takerOrderId": "674d8520725fc60007fcebf3",
      "time": "1733133600268000000",
      "tradeId": "5899022467217409",
      "type": "match",
      "time_received": "10:00:00.3183"
    },
    {
      "makerOrderId": "674d5cf533b8f30007f52eae",
      "price": "1.3143",
      "sequence": "5899022467348481",
      "side": "buy",
      "size": "2",
      "symbol": "QUILL-USDT",
      "takerOrderId": "674d85208b053b0007dff9ff",
      "time": "1733133600269000000",
      "tradeId": "5899022467348481",
      "type": "match",
      "time_received": "10:00:00.3185"
    },
    {
      "makerOrderId": "674d5cf533b8f30007f52eae",
      "price": "1.3143",
      "sequence": "5899022468659201",
      "side": "buy",
      "size": "1",
      "symbol": "QUILL-USDT",
      "takerOrderId": "674d85202033a500076ee658",
      "time": "1733133600273000000",
      "tradeId": "5899022468659201",
      "type": "match",
      "time_received": "10:00:00.3185"
    },
    {
      "makerOrderId": "674d5cf533b8f30007f52eae",
      "price": "1.3143",
      "sequence": "5899022472591361",
      "side": "buy",
      "size": "203.44",
      "symbol": "QUILL-USDT",
      "takerOrderId": "674d85208b053b0007dffa1f",
      "time": "1733133600281000000",
      "tradeId": "5899022472591361",
      "type": "match",
      "time_received": "10:00:00.3307"
    },
    {
      "makerOrderId": "674d5cfadcdd7b0007aa4e9e",
      "price": "1.3429",
      "sequence": "5899022472591364",
      "side": "buy",
      "size": "196.56",
      "symbol": "QUILL-USDT",
      "takerOrderId": "674d85208b053b0007dffa1f",
      "time": "1733133600281000000",
      "tradeId": "5899022472591364",
      "type": "match",
      "time_received": "10:00:00.3308"
    },
    {
      "makerOrderId": "674d5cfadcdd7b0007aa4e9e",
      "price": "1.3429",
      "sequence": "5899022472984577",
      "side": "buy",
      "size": "252.06",
      "symbol": "QUILL-USDT",
      "takerOrderId": "674d85205e5d4c000719721a",
      "time": "1733133600281000000",
      "tradeId": "5899022472984577",
      "type": "match",
      "time_received": "10:00:00.3308"
    },
    {
      "makerOrderId": "674d5cf4b6d508000743cc3c",
      "price": "1.3714",
      "sequence": "5899022472984580",
      "side": "buy",
      "size": "24.94",
      "symbol": "QUILL-USDT",
      "takerOrderId": "674d85205e5d4c000719721a",
      "time": "1733133600281000000",
      "tradeId": "5899022472984580",
      "type": "match",
      "time_received": "10:00:00.3311"
    },
    {
      "makerOrderId": "674d5cf4b6d508000743cc3c",
      "price": "1.3714",
      "sequence": "5899022473902081",
      "side": "buy",
      "size": "60",
      "symbol": "QUILL-USDT",
      "takerOrderId": "674d8520725fc60007fcec13",
      "time": "1733133600282000000",
      "tradeId": "5899022473902081",
      "type": "match",
      "time_received": "10:00:00.3311"
    },
    {
      "makerOrderId": "674d5cf4b6d508000743cc3c",
      "price": "1.3714",
      "sequence": "5899022479931393",
      "side": "buy",
      "size": "396.01",
      "symbol": "QUILL-USDT",
      "takerOrderId": "674d8520725fc60007fcec31",
      "time": "1733133600292000000",
      "tradeId": "5899022479931393",
      "type": "match",
      "time_received": "10:00:00.3425"
    },
    {
      "makerOrderId": "674d5cf48b053b00077d5e20",
      "price": "1.4",
      "sequence": "5899022479931396",
      "side": "buy",
      "size": "542.15",
      "symbol": "QUILL-USDT",
      "takerOrderId": "674d8520725fc60007fcec31",
      "time": "1733133600292000000",
      "tradeId": "5899022479931396",
      "type": "match",
      "time_received": "10:00:00.3426"
    },
    {
      "makerOrderId": "674d5cfcb6d508000743f2d7",
      "price": "1.4",
      "sequence": "5899022479931399",
      "side": "buy",
      "size": "12.29",
      "symbol": "QUILL-USDT",
      "takerOrderId": "674d8520725fc60007fcec31",
      "time": "1733133600292000000",
      "tradeId": "5899022479931399",
      "type": "match",
      "time_received": "10:00:00.3426"
    },
    {
      "makerOrderId": "674d5cfbb26bfb00076f05d0",
      "price": "1.425",
      "sequence": "5899022479931402",
      "side": "buy",
      "size": "80.37",
      "symbol": "QUILL-USDT",
      "takerOrderId": "674d8520725fc60007fcec31",
      "time": "1733133600292000000",
      "tradeId": "5899022479931402",
      "type": "match",
      "time_received": "10:00:00.3427"
    },
    {
      "makerOrderId": "674d5cfb1adbea000743b87a",
      "price": "1.45",
      "sequence": "5899022479931405",
      "side": "buy",
      "size": "142.28",
      "symbol": "QUILL-USDT",
      "takerOrderId": "674d8520725fc60007fcec31",
      "time": "1733133600292000000",
      "tradeId": "5899022479931405",
      "type": "match",
      "time_received": "10:00:00.3431"
    },
    {
      "makerOrderId": "674d5cfb5e5d4c0007b7085b",
      "price": "1.475",
      "sequence": "5899022479931408",
      "side": "buy",
      "size": "205.42",
      "symbol": "QUILL-USDT",
      "takerOrderId": "674d8520725fc60007fcec31",
      "time": "1733133600292000000",
      "tradeId": "5899022479931408",
      "type": "match",
      "time_received": "10:00:00.3432"
    },
    {
      "makerOrderId": "674d5cfa9e4e40000757e6b4",
      "price": "1.5",
      "sequence": "5899022479931411",
      "side": "buy",
      "size": "270.97",
      "symbol": "QUILL-USDT",
      "takerOrderId": "674d8520725fc60007fcec31",
      "time": "1733133600292000000",
      "tradeId": "5899022479931411",
      "type": "match",
      "time_received": "10:00:00.3432"
    },
    {
      "makerOrderId": "674d5cfa9e4e40000757e6b6",
      "price": "1.525",
      "sequence": "5899022480848897",
      "side": "buy",
      "size": "1",
      "symbol": "QUILL-USDT",
      "takerOrderId": "674d85205e5d4c000719725f",
      "time": "1733133600295000000",
      "tradeId": "5899022480848897",
      "type": "match",
      "time_received": "10:00:00.3433"
    },
    {
      "makerOrderId": "674d5cfa9e4e40000757e6b6",
      "price": "1.525",
      "sequence": "5899022482290689",
      "side": "buy",
      "size": "340.22",
      "symbol": "QUILL-USDT",
      "takerOrderId": "674d8520725fc60007fcec3b",
      "time": "1733133600298000000",
      "tradeId": "5899022482290689",
      "type": "match",
      "time_received": "10:00:00.3481"
    },
    {
      "makerOrderId": "674d5cfaef434f0007284d35",
      "price": "1.55",
      "sequence": "5899022482290692",
      "side": "buy",
      "size": "94.78",
      "symbol": "QUILL-USDT",
      "takerOrderId": "674d8520725fc60007fcec3b",
      "time": "1733133600298000000",
      "tradeId": "5899022482290692",
      "type": "match",
      "time_received": "10:00:00.3481"
    },
    {
      "makerOrderId": "674d5cfaef434f0007284d35",
      "price": "1.55",
      "sequence": "5899022492121089",
      "side": "buy",
      "size": "250",
      "symbol": "QUILL-USDT",
      "takerOrderId": "674d85208b053b0007dffa75",
      "time": "1733133600325000000",
      "tradeId": "5899022492121089",
      "type": "match",
      "time_received": "10:00:00.3746"
    },
    {
      "makerOrderId": "674d5cfaef434f0007284d35",
      "price": "1.55",
      "sequence": "5899022520301569",
      "side": "buy",
      "size": "5",
      "symbol": "QUILL-USDT",
      "takerOrderId": "674d85202033a500076ee715",
      "time": "1733133600394000000",
      "tradeId": "5899022520301569",
      "type": "match",
      "time_received": "10:00:00.4431"
    },
    {
      "makerOrderId": "674d5cfaef434f0007284d35",
      "price": "1.55",
      "sequence": "5899022523185153",
      "side": "buy",
      "size": "1",
      "symbol": "QUILL-USDT",
      "takerOrderId": "674d8520f61fa000075fb3f2",
      "time": "1733133600399000000",
      "tradeId": "5899022523185153",
      "type": "match",
      "time_received": "10:00:00.4493"
    },
    {
      "makerOrderId": "674d5cfaef434f0007284d35",
      "price": "1.55",
      "sequence": "5899022526724097",
      "side": "buy",
      "size": "1",
      "symbol": "QUILL-USDT",
      "takerOrderId": "674d852014a89200077da2d5",
      "time": "1733133600410000000",
      "tradeId": "5899022526724097",
      "type": "match",
      "time_received": "10:00:00.4585"
    },
    {
      "makerOrderId": "674d5cfaef434f0007284d35",
      "price": "1.55",
      "sequence": "5899022530787329",
      "side": "buy",
      "size": "51.1",
      "symbol": "QUILL-USDT",
      "takerOrderId": "674d85208b053b0007dffb4c",
      "time": "1733133600420000000",
      "tradeId": "5899022530787329",
      "type": "match",
      "time_received": "10:00:00.4690"
    },
    {
      "makerOrderId": "674d5cf99e4e40000757e23f",
      "price": "1.575",
      "sequence": "5899022530787332",
      "side": "buy",
      "size": "225.9",
      "symbol": "QUILL-USDT",
      "takerOrderId": "674d85208b053b0007dffb4c",
      "time": "1733133600420000000",
      "tradeId": "5899022530787332",
      "type": "match",
      "time_received": "10:00:00.4691"
    },
    {
      "makerOrderId": "674d5cf99e4e40000757e23f",
      "price": "1.575",
      "sequence": "5899022537209857",
      "side": "buy",
      "size": "249.41",
      "symbol": "QUILL-USDT",
      "takerOrderId": "674d8520e21c74000787c0a3",
      "time": "1733133600438000000",
      "tradeId": "5899022537209857",
      "type": "match",
      "time_received": "10:00:00.4881"
    },
    {
      "makerOrderId": "674d5cf9812d4000077e3a35",
      "price": "1.6",
      "sequence": "5899022537209860",
      "side": "buy",
      "size": "536.34",
      "symbol": "QUILL-USDT",
      "takerOrderId": "674d8520e21c74000787c0a3",
      "time": "1733133600438000000",
      "tradeId": "5899022537209860",
      "type": "match",
      "time_received": "10:00:00.4882"
    },
    {
      "makerOrderId": "674d5cf9f61fa00007fd58d5",
      "price": "1.625",
      "sequence": "5899022537209863",
      "side": "buy",
      "size": "547.25",
      "symbol": "QUILL-USDT",
      "takerOrderId": "674d8520e21c74000787c0a3",
      "time": "1733133600438000000",
      "tradeId": "5899022537209863",
      "type": "match",
      "time_received": "10:00:00.4883"
    },
    {
      "makerOrderId": "674d5cf9f61fa00007fd58d5",
      "price": "1.625",
      "sequence": "5899022549399553",
      "side": "buy",
      "size": "1",
      "symbol": "QUILL-USDT",
      "takerOrderId": "674d852014a89200077da370",
      "time": "1733133600467000000",
      "tradeId": "5899022549399553",
      "type": "match",
      "time_received": "10:00:00.5162"
    },
    {
      "makerOrderId": "674d5cf9f61fa00007fd58d5",
      "price": "1.625",
      "sequence": "5899022559885313",
      "side": "buy",
      "size": "1",
      "symbol": "QUILL-USDT",
      "takerOrderId": "674d85201adbea0007a62680",
      "time": "1733133600496000000",
      "tradeId": "5899022559885313",
      "type": "match",
      "time_received": "10:00:00.5462"
    },
    {
      "makerOrderId": "674d5cf9f61fa00007fd58d5",
      "price": "1.625",
      "sequence": "5899022563817473",
      "side": "buy",
      "size": "55.64",
      "symbol": "QUILL-USDT",
      "takerOrderId": "674d8520b38d120007707915",
      "time": "1733133600508000000",
      "tradeId": "5899022563817473",
      "type": "match",
      "time_received": "10:00:00.5579"
    },
    {
      "makerOrderId": "674d5cf8dcdd7b0007aa4535",
      "price": "1.65",
      "sequence": "5899022563817476",
      "side": "buy",
      "size": "666.56",
      "symbol": "QUILL-USDT",
      "takerOrderId": "674d8520b38d120007707915",
      "time": "1733133600508000000",
      "tradeId": "5899022563817476",
      "type": "match",
      "time_received": "10:00:00.5580"
    },
    {
      "makerOrderId": "674d5cf8b6d508000743df9f",
      "price": "1.675",
      "sequence": "5899022563817479",
      "side": "buy",
      "size": "477.8",
      "symbol": "QUILL-USDT",
      "takerOrderId": "674d8520b38d120007707915",
      "time": "1733133600508000000",
      "tradeId": "5899022563817479",
      "type": "match",
      "time_received": "10:00:00.5580"
    },
    {
      "makerOrderId": "674d5cf8b6d508000743df9f",
      "price": "1.675",
      "sequence": "5899022595667969",
      "side": "buy",
      "size": "1",
      "symbol": "QUILL-USDT",
      "takerOrderId": "674d852033b8f3000757b641",
      "time": "1733133600582000000",
      "tradeId": "5899022595667969",
      "type": "match",
      "time_received": "10:00:00.6331"
    },
    {
      "makerOrderId": "674d5cf8b6d508000743df9f",
      "price": "1.675",
      "sequence": "5899022606809089",
      "side": "buy",
      "size": "1",
      "symbol": "QUILL-USDT",
      "takerOrderId": "674d8520a69a4c00074c4b03",
      "time": "1733133600611000000",
      "tradeId": "5899022606809089",
      "type": "match",
      "time_received": "10:00:00.6591"
    },
    {
      "makerOrderId": "674d5cf8b6d508000743df9f",
      "price": "1.675",
      "sequence": "5899022607071233",
      "side": "buy",
      "size": "1",
      "symbol": "QUILL-USDT",
      "takerOrderId": "674d8520f61fa000075fb5c9",
      "time": "1733133600611000000",
      "tradeId": "5899022607071233",
      "type": "match",
      "time_received": "10:00:00.6592"
    },
    {
      "makerOrderId": "674d8520812d400007e09dd1",
      "price": "1.628",
      "sequence": "5899022613100545",
      "side": "sell",
      "size": "1",
      "symbol": "QUILL-USDT",
      "takerOrderId": "674d85201adbea0007a6279f",
      "time": "1733133600627000000",
      "tradeId": "5899022613100545",
      "type": "match",
      "time_received": "10:00:00.6759"
    },
    {
      "makerOrderId": "674d5cf8b6d508000743df9f",
      "price": "1.675",
      "sequence": "5899022614673409",
      "side": "buy",
      "size": "1",
      "symbol": "QUILL-USDT",
      "takerOrderId": "674d8520812d400007e09e77",
      "time": "1733133600631000000",
      "tradeId": "5899022614673409",
      "type": "match",
      "time_received": "10:00:00.6761"
    },
    {
      "makerOrderId": "674d5cf8b6d508000743df9f",
      "price": "1.675",
      "sequence": "5899022618474497",
      "side": "buy",
      "size": "1",
      "symbol": "QUILL-USDT",
      "takerOrderId": "674d8520812d400007e09e8b",
      "time": "1733133600641000000",
      "tradeId": "5899022618474497",
      "type": "match",
      "time_received": "10:00:00.6868"
    },
    {
      "makerOrderId": "674d5cf8b6d508000743df9f",
      "price": "1.675",
      "sequence": "5899022646523905",
      "side": "buy",
      "size": "1",
      "symbol": "QUILL-USDT",
      "takerOrderId": "674d8520439c100007d40549",
      "time": "1733133600708000000",
      "tradeId": "5899022646523905",
      "type": "match",
      "time_received": "10:00:00.7540"
    },
    {
      "makerOrderId": "674d5cf8b6d508000743df9f",
      "price": "1.675",
      "sequence": "5899022660679681",
      "side": "buy",
      "size": "1",
      "symbol": "QUILL-USDT",
      "takerOrderId": "674d85205a555000070391d3",
      "time": "1733133600738000000",
      "tradeId": "5899022660679681",
      "type": "match",
      "time_received": "10:00:00.7911"
    },
    {
      "makerOrderId": "674d5cf8b6d508000743df9f",
      "price": "1.675",
      "sequence": "5899022685321217",
      "side": "buy",
      "size": "1",
      "symbol": "QUILL-USDT",
      "takerOrderId": "674d8520812d400007e09fd9",
      "time": "1733133600811000000",
      "tradeId": "5899022685321217",
      "type": "match",
      "time_received": "10:00:00.8577"
    },
    {
      "makerOrderId": "674d5cf8b6d508000743df9f",
      "price": "1.675",
      "sequence": "5899022692530177",
      "side": "buy",
      "size": "1",
      "symbol": "QUILL-USDT",
      "takerOrderId": "674d8520754b1e0007ad73f0",
      "time": "1733133600834000000",
      "tradeId": "5899022692530177",
      "type": "match",
      "time_received": "10:00:00.8811"
    },
    {
      "makerOrderId": "674d5cf8b6d508000743df9f",
      "price": "1.675",
      "sequence": "5899022697117697",
      "side": "buy",
      "size": "1",
      "symbol": "QUILL-USDT",
      "takerOrderId": "674d852014a89200077da639",
      "time": "1733133600850000000",
      "tradeId": "5899022697117697",
      "type": "match",
      "time_received": "10:00:00.8973"
    },
    {
      "makerOrderId": "674d5cf8b6d508000743df9f",
      "price": "1.675",
      "sequence": "5899022700656641",
      "side": "buy",
      "size": "1",
      "symbol": "QUILL-USDT",
      "takerOrderId": "674d8520725fc60007fcf075",
      "time": "1733133600863000000",
      "tradeId": "5899022700656641",
      "type": "match",
      "time_received": "10:00:00.9092"
    },
    {
      "makerOrderId": "674d5cf8b6d508000743df9f",
      "price": "1.675",
      "sequence": "5899022706161665",
      "side": "buy",
      "size": "1",
      "symbol": "QUILL-USDT",
      "takerOrderId": "674d85205e5d4c00071976c9",
      "time": "1733133600876000000",
      "tradeId": "5899022706161665",
      "type": "match",
      "time_received": "10:00:00.9205"
    },
    {
      "makerOrderId": "674d8520b38d120007707bd5",
      "price": "1.6719",
      "sequence": "5899022744434689",
      "side": "sell",
      "size": "1",
      "symbol": "QUILL-USDT",
      "takerOrderId": "674d8520754b1e0007ad748b",
      "time": "1733133600916000000",
      "tradeId": "5899022744434689",
      "type": "match",
      "time_received": "10:00:00.9613"
    },
    {
      "makerOrderId": "674d5cf8b6d508000743df9f",
      "price": "1.675",
      "sequence": "5899022746793985",
      "side": "buy",
      "size": "1",
      "symbol": "QUILL-USDT",
      "takerOrderId": "674d852033b8f3000757b8f4",
      "time": "1733133600920000000",
      "tradeId": "5899022746793985",
      "type": "match",
      "time_received": "10:00:00.9672"
    },
    {
      "makerOrderId": "674d5cf8b6d508000743df9f",
      "price": "1.675",
      "sequence": "5899022748366849",
      "side": "buy",
      "size": "1",
      "symbol": "QUILL-USDT",
      "takerOrderId": "674d85209e4e400007ba3648",
      "time": "1733133600923000000",
      "tradeId": "5899022748366849",
      "type": "match",
      "time_received": "10:00:00.9729"
    },
    {
      "makerOrderId": "674d5cf8b6d508000743df9f",
      "price": "1.675",
      "sequence": "5899022755182593",
      "side": "buy",
      "size": "1",
      "symbol": "QUILL-USDT",
      "takerOrderId": "674d85205a55500007039340",
      "time": "1733133600939000000",
      "tradeId": "5899022755182593",
      "type": "match",
      "time_received": "10:00:00.9845"
    },
    {
      "makerOrderId": "674d5cf8b6d508000743df9f",
      "price": "1.675",
      "sequence": "5899022832777217",
      "side": "buy",
      "size": "1",
      "symbol": "QUILL-USDT",
      "takerOrderId": "674d852133b8f3000757bba6",
      "time": "1733133601098000000",
      "tradeId": "5899022832777217",
      "type": "match",
      "time_received": "10:00:01.1496"
    },
    {
      "makerOrderId": "674d5cf8b6d508000743df9f",
      "price": "1.675",
      "sequence": "5899022838544385",
      "side": "buy",
      "size": "1",
      "symbol": "QUILL-USDT",
      "takerOrderId": "674d85215a555000070395f4",
      "time": "1733133601107000000",
      "tradeId": "5899022838544385",
      "type": "match",
      "time_received": "10:00:01.1537"
    },
    {
      "makerOrderId": "674d5cf8b6d508000743df9f",
      "price": "1.675",
      "sequence": "5899022901983233",
      "side": "buy",
      "size": "1",
      "symbol": "QUILL-USDT",
      "takerOrderId": "674d85215e5d4c0007197b28",
      "time": "1733133601182000000",
      "tradeId": "5899022901983233",
      "type": "match",
      "time_received": "10:00:01.2355"
    },
    {
      "makerOrderId": "674d85202033a500076eebd3",
      "price": "1.6308",
      "sequence": "5899022914959361",
      "side": "sell",
      "size": "1",
      "symbol": "QUILL-USDT",
      "takerOrderId": "674d8521e21c74000787c8f4",
      "time": "1733133601201000000",
      "tradeId": "5899022914959361",
      "type": "match",
      "time_received": "10:00:01.2513"
    },
    {
      "makerOrderId": "674d5cf8b6d508000743df9f",
      "price": "1.675",
      "sequence": "5899022920857601",
      "side": "buy",
      "size": "1",
      "symbol": "QUILL-USDT",
      "takerOrderId": "674d85215a555000070397ac",
      "time": "1733133601211000000",
      "tradeId": "5899022920857601",
      "type": "match",
      "time_received": "10:00:01.2570"
    },
    {
      "makerOrderId": "674d5cf8b6d508000743df9f",
      "price": "1.675",
      "sequence": "5899022955460609",
      "side": "buy",
      "size": "1",
      "symbol": "QUILL-USDT",
      "takerOrderId": "674d8521dcdd7b00070cbc1c",
      "time": "1733133601273000000",
      "tradeId": "5899022955460609",
      "type": "match",
      "time_received": "10:00:01.3412"
    },
    {
      "makerOrderId": "674d5cf8b6d508000743df9f",
      "price": "1.675",
      "sequence": "5899022959523841",
      "side": "buy",
      "size": "1",
      "symbol": "QUILL-USDT",
      "takerOrderId": "674d85219e4e400007ba3bb7",
      "time": "1733133601283000000",
      "tradeId": "5899022959523841",
      "type": "match",
      "time_received": "10:00:01.3460"
    },
    {
      "makerOrderId": "674d5cf8b6d508000743df9f",
      "price": "1.675",
      "sequence": "5899022961489921",
      "side": "buy",
      "size": "1",
      "symbol": "QUILL-USDT",
      "takerOrderId": "674d85211adbea0007a62f5c",
      "time": "1733133601286000000",
      "tradeId": "5899022961489921",
      "type": "match",
      "time_received": "10:00:01.3462"
    },
    {
      "makerOrderId": "674d5cf8b6d508000743df9f",
      "price": "1.675",
      "sequence": "5899023028336641",
      "side": "buy",
      "size": "1",
      "symbol": "QUILL-USDT",
      "takerOrderId": "674d8521e21c74000787cb76",
      "time": "1733133601444000000",
      "tradeId": "5899023028336641",
      "type": "match",
      "time_received": "10:00:01.4934"
    },
    {
      "makerOrderId": "674d5cf8b6d508000743df9f",
      "price": "1.675",
      "sequence": "5899023052060673",
      "side": "buy",
      "size": "1",
      "symbol": "QUILL-USDT",
      "takerOrderId": "674d8521a69a4c00074c54b3",
      "time": "1733133601494000000",
      "tradeId": "5899023052060673",
      "type": "match",
      "time_received": "10:00:01.5384"
    },
    {
      "makerOrderId": "674d5cf8b6d508000743df9f",
      "price": "1.675",
      "sequence": "5899023058352129",
      "side": "buy",
      "size": "1",
      "symbol": "QUILL-USDT",
      "takerOrderId": "674d8521754b1e0007ad7c37",
      "time": "1733133601505000000",
      "tradeId": "5899023058352129",
      "type": "match",
      "time_received": "10:00:01.5562"
    },
    {
      "makerOrderId": "674d5cf8b6d508000743df9f",
      "price": "1.675",
      "sequence": "5899023059662849",
      "side": "buy",
      "size": "1",
      "symbol": "QUILL-USDT",
      "takerOrderId": "674d85215a55500007039abf",
      "time": "1733133601509000000",
      "tradeId": "5899023059662849",
      "type": "match",
      "time_received": "10:00:01.5564"
    },
    {
      "makerOrderId": "674d5cf8b6d508000743df9f",
      "price": "1.675",
      "sequence": "5899023063463939",
      "side": "buy",
      "size": "1",
      "symbol": "QUILL-USDT",
      "takerOrderId": "674d8521e21c74000787cc3f",
      "time": "1733133601513000000",
      "tradeId": "5899023063463939",
      "type": "match",
      "time_received": "10:00:01.5604"
    },
    {
      "makerOrderId": "674d8521a69a4c00074c524b",
      "price": "1.6442",
      "sequence": "5899023067789313",
      "side": "sell",
      "size": "1",
      "symbol": "QUILL-USDT",
      "takerOrderId": "674d852114a89200077daebb",
      "time": "1733133601521000000",
      "tradeId": "5899023067789313",
      "type": "match",
      "time_received": "10:00:01.5761"
    },
    {
      "makerOrderId": "674d5cf8b6d508000743df9f",
      "price": "1.675",
      "sequence": "5899023102916611",
      "side": "buy",
      "size": "1",
      "symbol": "QUILL-USDT",
      "takerOrderId": "674d8521e21c74000787cce7",
      "time": "1733133601584000000",
      "tradeId": "5899023102916611",
      "type": "match",
      "time_received": "10:00:01.6308"
    },
    {
      "makerOrderId": "674d5cf8b6d508000743df9f",
      "price": "1.675",
      "sequence": "5899023161636865",
      "side": "buy",
      "size": "1",
      "symbol": "QUILL-USDT",
      "takerOrderId": "674d85215a55500007039c06",
      "time": "1733133601792000000",
      "tradeId": "5899023161636865",
      "type": "match",
      "time_received": "10:00:01.8450"
    },
    {
      "makerOrderId": "674d5cf8b6d508000743df9f",
      "price": "1.675",
      "sequence": "5899023162554369",
      "side": "buy",
      "size": "1",
      "symbol": "QUILL-USDT",
      "takerOrderId": "674d8521b26bfb0007d1772a",
      "time": "1733133601792000000",
      "tradeId": "5899023162554369",
      "type": "match",
      "time_received": "10:00:01.8452"
    },
    {
      "makerOrderId": "674d5cf8b6d508000743df9f",
      "price": "1.675",
      "sequence": "5899023191390209",
      "side": "buy",
      "size": "1",
      "symbol": "QUILL-USDT",
      "takerOrderId": "674d85219e4e400007ba40d7",
      "time": "1733133601811000000",
      "tradeId": "5899023191390209",
      "type": "match",
      "time_received": "10:00:01.8692"
    },
    {
      "makerOrderId": "674d8521b26bfb0007d17668",
      "price": "1.6467",
      "sequence": "5899023204628481",
      "side": "sell",
      "size": "1",
      "symbol": "QUILL-USDT",
      "takerOrderId": "674d8521b38d1200077086fc",
      "time": "1733133601823000000",
      "tradeId": "5899023204628481",
      "type": "match",
      "time_received": "10:00:01.8708"
    },
    {
      "makerOrderId": "674d5cf8b6d508000743df9f",
      "price": "1.675",
      "sequence": "5899023296247809",
      "side": "buy",
      "size": "1",
      "symbol": "QUILL-USDT",
      "takerOrderId": "674d85215e5d4c0007198320",
      "time": "1733133601939000000",
      "tradeId": "5899023296247809",
      "type": "match",
      "time_received": "10:00:02.0735"
    },
    {
      "makerOrderId": "674d5cf8b6d508000743df9f",
      "price": "1.675",
      "sequence": "5899023303718913",
      "side": "buy",
      "size": "1",
      "symbol": "QUILL-USDT",
      "takerOrderId": "674d8521754b1e0007ad8128",
      "time": "1733133601961000000",
      "tradeId": "5899023303718913",
      "type": "match",
      "time_received": "10:00:02.0735"
    },
    {
      "makerOrderId": "674d5cf8b6d508000743df9f",
      "price": "1.675",
      "sequence": "5899023306078211",
      "side": "buy",
      "size": "1",
      "symbol": "QUILL-USDT",
      "takerOrderId": "674d852114a89200077db352",
      "time": "1733133601968000000",
      "tradeId": "5899023306078211",
      "type": "match",
      "time_received": "10:00:02.0736"
    },
    {
      "makerOrderId": "674d5cf8b6d508000743df9f",
      "price": "1.675",
      "sequence": "5899023306602497",
      "side": "buy",
      "size": "1",
      "symbol": "QUILL-USDT",
      "takerOrderId": "674d85212033a500076ef79a",
      "time": "1733133601970000000",
      "tradeId": "5899023306602497",
      "type": "match",
      "time_received": "10:00:02.0736"
    },
    {
      "makerOrderId": "674d5cf8b6d508000743df9f",
      "price": "1.675",
      "sequence": "5899023307782145",
      "side": "buy",
      "size": "1",
      "symbol": "QUILL-USDT",
      "takerOrderId": "674d85215e5d4c0007198368",
      "time": "1733133601973000000",
      "tradeId": "5899023307782145",
      "type": "match",
      "time_received": "10:00:02.0736"
    },
    {
      "makerOrderId": "674d5cf8b6d508000743df9f",
      "price": "1.675",
      "sequence": "5899023326525441",
      "side": "buy",
      "size": "1",
      "symbol": "QUILL-USDT",
      "takerOrderId": "674d85229e4e400007ba434d",
      "time": "1733133602016000000",
      "tradeId": "5899023326525441",
      "type": "match",
      "time_received": "10:00:02.0737"
    },
    {
      "makerOrderId": "674d5cf8b6d508000743df9f",
      "price": "1.675",
      "sequence": "5899023329671169",
      "side": "buy",
      "size": "1",
      "symbol": "QUILL-USDT",
      "takerOrderId": "674d8522b26bfb0007d17aa1",
      "time": "1733133602022000000",
      "tradeId": "5899023329671169",
      "type": "match",
      "time_received": "10:00:02.1178"
    },
    {
      "makerOrderId": "674d5cf8b6d508000743df9f",
      "price": "1.675",
      "sequence": "5899023335438337",
      "side": "buy",
      "size": "1",
      "symbol": "QUILL-USDT",
      "takerOrderId": "674d85221adbea0007a6370e",
      "time": "1733133602036000000",
      "tradeId": "5899023335438337",
      "type": "match",
      "time_received": "10:00:02.1179"
    },
    {
      "makerOrderId": "674d5cf8b6d508000743df9f",
      "price": "1.675",
      "sequence": "5899023387867137",
      "side": "buy",
      "size": "1",
      "symbol": "QUILL-USDT",
      "takerOrderId": "674d8522dcdd7b00070cc46d",
      "time": "1733133602130000000",
      "tradeId": "5899023387867137",
      "type": "match",
      "time_received": "10:00:02.3109"
    },
    {
      "makerOrderId": "674d5cf8b6d508000743df9f",
      "price": "1.675",
      "sequence": "5899023392323585",
      "side": "buy",
      "size": "1",
      "symbol": "QUILL-USDT",
      "takerOrderId": "674d8522725fc60007fcfe95",
      "time": "1733133602139000000",
      "tradeId": "5899023392323585",
      "type": "match",
      "time_received": "10:00:02.3110"
    },
    {
      "makerOrderId": "674d852133b8f3000757c506",
      "price": "1.6635",
      "sequence": "5899023401760769",
      "side": "sell",
      "size": "1",
      "symbol": "QUILL-USDT",
      "takerOrderId": "674d8522e21c74000787d248",
      "time": "1733133602161000000",
      "tradeId": "5899023401760769",
      "type": "match",
      "time_received": "10:00:02.3110"
    },
    {
      "makerOrderId": "674d5cf8b6d508000743df9f",
      "price": "1.675",
      "sequence": "5899023409494019",
      "side": "buy",
      "size": "1",
      "symbol": "QUILL-USDT",
      "takerOrderId": "674d85225e5d4c00071984ea",
      "time": "1733133602181000000",
      "tradeId": "5899023409494019",
      "type": "match",
      "time_received": "10:00:02.3111"
    },
    {
      "makerOrderId": "674d5cf8b6d508000743df9f",
      "price": "1.675",
      "sequence": "5899023410542595",
      "side": "buy",
      "size": "1",
      "symbol": "QUILL-USDT",
      "takerOrderId": "674d8522ef434f00078aca02",
      "time": "1733133602183000000",
      "tradeId": "5899023410542595",
      "type": "match",
      "time_received": "10:00:02.3111"
    },
    {
      "makerOrderId": "674d85225a5550000703a104",
      "price": "1.6749",
      "sequence": "5899023421552641",
      "side": "buy",
      "size": "1",
      "symbol": "QUILL-USDT",
      "takerOrderId": "674d8522a69a4c00074c5b92",
      "time": "1733133602210000000",
      "tradeId": "5899023421552641",
      "type": "match",
      "time_received": "10:00:02.3111"
    },
    {
      "makerOrderId": "674d85225a5550000703a104",
      "price": "1.6749",
      "sequence": "5899023441868801",
      "side": "buy",
      "size": "1",
      "symbol": "QUILL-USDT",
      "takerOrderId": "674d8522a69a4c00074c5c04",
      "time": "1733133602259000000",
      "tradeId": "5899023441868801",
      "type": "match",
      "time_received": "10:00:02.3112"
    },
    {
      "makerOrderId": "674d85225a5550000703a104",
      "price": "1.6749",
      "sequence": "5899023445276673",
      "side": "buy",
      "size": "1",
      "symbol": "QUILL-USDT",
      "takerOrderId": "674d8522b6d5080007a663cd",
      "time": "1733133602267000000",
      "tradeId": "5899023445276673",
      "type": "match",
      "time_received": "10:00:02.3400"
    },
    {
      "makerOrderId": "674d85225a5550000703a104",
      "price": "1.6749",
      "sequence": "5899023456811011",
      "side": "buy",
      "size": "1",
      "symbol": "QUILL-USDT",
      "takerOrderId": "674d85225a5550000703a1e9",
      "time": "1733133602292000000",
      "tradeId": "5899023456811011",
      "type": "match",
      "time_received": "10:00:02.3401"
    },
    {
      "makerOrderId": "674d85225a5550000703a104",
      "price": "1.6749",
      "sequence": "5899023491676161",
      "side": "buy",
      "size": "1",
      "symbol": "QUILL-USDT",
      "takerOrderId": "674d8522a69a4c00074c5d18",
      "time": "1733133602393000000",
      "tradeId": "5899023491676161",
      "type": "match",
      "time_received": "10:00:02.4433"
    },
    {
      "makerOrderId": "674d85225a5550000703a104",
      "price": "1.6749",
      "sequence": "5899023495870465",
      "side": "buy",
      "size": "1",
      "symbol": "QUILL-USDT",
      "takerOrderId": "674d8522812d400007e0b095",
      "time": "1733133602414000000",
      "tradeId": "5899023495870465",
      "type": "match",
      "time_received": "10:00:02.4623"
    },
    {
      "makerOrderId": "674d8522dcdd7b00070cc5b3",
      "price": "1.6621",
      "sequence": "5899023509501953",
      "side": "sell",
      "size": "1",
      "symbol": "QUILL-USDT",
      "takerOrderId": "674d8522812d400007e0b0fb",
      "time": "1733133602458000000",
      "tradeId": "5899023509501953",
      "type": "match",
      "time_received": "10:00:02.5063"
    },
    {
      "makerOrderId": "674d85225a5550000703a104",
      "price": "1.6749",
      "sequence": "5899023535978505",
      "side": "buy",
      "size": "4.34",
      "symbol": "QUILL-USDT",
      "takerOrderId": "674d8522b26bfb0007d17e2f",
      "time": "1733133602515000000",
      "tradeId": "5899023535978505",
      "type": "match",
      "time_received": "10:00:02.5658"
    },
    {
      "makerOrderId": "674d85229e4e400007ba4419",
      "price": "1.6548",
      "sequence": "5899023621568545",
      "side": "sell",
      "size": "1",
      "symbol": "QUILL-USDT",
      "takerOrderId": "674d85225a5550000703a533",
      "time": "1733133602717000000",
      "tradeId": "5899023621568545",
      "type": "match",
      "time_received": "10:00:02.7938"
    },
    {
      "makerOrderId": "674d8522812d400007e0ae74",
      "price": "1.6268",
      "sequence": "5899023621568548",
      "side": "sell",
      "size": "39.3",
      "symbol": "QUILL-USDT",
      "takerOrderId": "674d85225a5550000703a533",
      "time": "1733133602717000000",
      "tradeId": "5899023621568548",
      "type": "match",
      "time_received": "10:00:02.7939"
    },
    {
      "makerOrderId": "674d85215e5d4c00071982ba",
      "price": "1.6267",
      "sequence": "5899023621568551",
      "side": "sell",
      "size": "1",
      "symbol": "QUILL-USDT",
      "takerOrderId": "674d85225a5550000703a533",
      "time": "1733133602717000000",
      "tradeId": "5899023621568551",
      "type": "match",
      "time_received": "10:00:02.7939"
    },
    {
      "makerOrderId": "674d8522b38d120007708a14",
      "price": "1.6247",
      "sequence": "5899023621568554",
      "side": "sell",
      "size": "1",
      "symbol": "QUILL-USDT",
      "takerOrderId": "674d85225a5550000703a533",
      "time": "1733133602717000000",
      "tradeId": "5899023621568554",
      "type": "match",
      "time_received": "10:00:02.7939"
    },
    {
      "makerOrderId": "674d8521725fc60007fcfc1c",
      "price": "1.6221",
      "sequence": "5899023621568557",
      "side": "sell",
      "size": "1",
      "symbol": "QUILL-USDT",
      "takerOrderId": "674d85225a5550000703a533",
      "time": "1733133602717000000",
      "tradeId": "5899023621568557",
      "type": "match",
      "time_received": "10:00:02.7939"
    },
    {
      "makerOrderId": "674d8522a69a4c00074c5a79",
      "price": "1.6203",
      "sequence": "5899023621568560",
      "side": "sell",
      "size": "1",
      "symbol": "QUILL-USDT",
      "takerOrderId": "674d85225a5550000703a533",
      "time": "1733133602717000000",
      "tradeId": "5899023621568560",
      "type": "match",
      "time_received": "10:00:02.7940"
    },
    {
      "makerOrderId": "674d85215e5d4c0007197f51",
      "price": "1.6176",
      "sequence": "5899023621568563",
      "side": "sell",
      "size": "1",
      "symbol": "QUILL-USDT",
      "takerOrderId": "674d85225a5550000703a533",
      "time": "1733133602717000000",
      "tradeId": "5899023621568563",
      "type": "match",
      "time_received": "10:00:02.7940"
    },
    {
      "makerOrderId": "674d8521ef434f00078ac795",
      "price": "1.6162",
      "sequence": "5899023621568566",
      "side": "sell",
      "size": "1",
      "symbol": "QUILL-USDT",
      "takerOrderId": "674d85225a5550000703a533",
      "time": "1733133602717000000",
      "tradeId": "5899023621568566",
      "type": "match",
      "time_received": "10:00:02.7940"
    },
    {
      "makerOrderId": "674d8522a69a4c00074c5a50",
      "price": "1.6137",
      "sequence": "5899023621568569",
      "side": "sell",
      "size": "1",
      "symbol": "QUILL-USDT",
      "takerOrderId": "674d85225a5550000703a533",
      "time": "1733133602717000000",
      "tradeId": "5899023621568569",
      "type": "match",
      "time_received": "10:00:02.7941"
    },
    {
      "makerOrderId": "674d8520b38d120007707b8b",
      "price": "1.6055",
      "sequence": "5899023621568572",
      "side": "sell",
      "size": "1",
      "symbol": "QUILL-USDT",
      "takerOrderId": "674d85225a5550000703a533",
      "time": "1733133602717000000",
      "tradeId": "5899023621568572",
      "type": "match",
      "time_received": "10:00:02.7941"
    },
    {
      "makerOrderId": "674d8521dcdd7b00070cbf05",
      "price": "1.5985",
      "sequence": "5899023621568575",
      "side": "sell",
      "size": "1",
      "symbol": "QUILL-USDT",
      "takerOrderId": "674d85225a5550000703a533",
      "time": "1733133602717000000",
      "tradeId": "5899023621568575",
      "type": "match",
      "time_received": "10:00:02.7941"
    },
    {
      "makerOrderId": "674d8522ef434f00078acbe6",
      "price": "1.5891",
      "sequence": "5899023621568578",
      "side": "sell",
      "size": "1",
      "symbol": "QUILL-USDT",
      "takerOrderId": "674d85225a5550000703a533",
      "time": "1733133602717000000",
      "tradeId": "5899023621568578",
      "type": "match",
      "time_received": "10:00:02.7941"
    },
    {
      "makerOrderId": "674d8521439c100007d40f80",
      "price": "1.579",
      "sequence": "5899023621568581",
      "side": "sell",
      "size": "1",
      "symbol": "QUILL-USDT",
      "takerOrderId": "674d85225a5550000703a533",
      "time": "1733133602717000000",
      "tradeId": "5899023621568581",
      "type": "match",
      "time_received": "10:00:02.7942"
    },
    {
      "makerOrderId": "674d8521b38d1200077084a3",
      "price": "1.5774",
      "sequence": "5899023621568584",
      "side": "sell",
      "size": "1",
      "symbol": "QUILL-USDT",
      "takerOrderId": "674d85225a5550000703a533",
      "time": "1733133602717000000",
      "tradeId": "5899023621568584",
      "type": "match",
      "time_received": "10:00:02.7942"
    },
    {
      "makerOrderId": "674d8521439c100007d409d4",
      "price": "1.5767",
      "sequence": "5899023621568587",
      "side": "sell",
      "size": "1",
      "symbol": "QUILL-USDT",
      "takerOrderId": "674d85225a5550000703a533",
      "time": "1733133602717000000",
      "tradeId": "5899023621568587",
      "type": "match",
      "time_received": "10:00:02.7944"
    },
    {
      "makerOrderId": "674d8521b38d12000770819b",
      "price": "1.575",
      "sequence": "5899023621568590",
      "side": "sell",
      "size": "1",
      "symbol": "QUILL-USDT",
      "takerOrderId": "674d85225a5550000703a533",
      "time": "1733133602717000000",
      "tradeId": "5899023621568590",
      "type": "match",
      "time_received": "10:00:02.7944"
    },
    {
      "makerOrderId": "674d85229e4e400007ba43c0",
      "price": "1.5581",
      "sequence": "5899023621568593",
      "side": "sell",
      "size": "30.22",
      "symbol": "QUILL-USDT",
      "takerOrderId": "674d85225a5550000703a533",
      "time": "1733133602717000000",
      "tradeId": "5899023621568593",
      "type": "match",
      "time_received": "10:00:02.7945"
    },
    {
      "makerOrderId": "674d8521a69a4c00074c57da",
      "price": "1.558",
      "sequence": "5899023621568596",
      "side": "sell",
      "size": "1",
      "symbol": "QUILL-USDT",
      "takerOrderId": "674d85225a5550000703a533",
      "time": "1733133602717000000",
      "tradeId": "5899023621568596",
      "type": "match",
      "time_received": "10:00:02.7945"
    },
    {
      "makerOrderId": "674d8521b26bfb0007d16f14",
      "price": "1.5563",
      "sequence": "5899023621568599",
      "side": "sell",
      "size": "1",
      "symbol": "QUILL-USDT",
      "takerOrderId": "674d85225a5550000703a533",
      "time": "1733133602717000000",
      "tradeId": "5899023621568599",
      "type": "match",
      "time_received": "10:00:02.7946"
    },
    {
      "makerOrderId": "674d8521439c100007d40b97",
      "price": "1.5477",
      "sequence": "5899023621568602",
      "side": "sell",
      "size": "1",
      "symbol": "QUILL-USDT",
      "takerOrderId": "674d85225a5550000703a533",
      "time": "1733133602717000000",
      "tradeId": "5899023621568602",
      "type": "match",
      "time_received": "10:00:02.7946"
    },
    {
      "makerOrderId": "674d8522ef434f00078acb81",
      "price": "1.5471",
      "sequence": "5899023621568605",
      "side": "sell",
      "size": "1",
      "symbol": "QUILL-USDT",
      "takerOrderId": "674d85225a5550000703a533",
      "time": "1733133602717000000",
      "tradeId": "5899023621568605",
      "type": "match",
      "time_received": "10:00:02.7946"
    },
    {
      "makerOrderId": "674d8522e21c74000787d4d2",
      "price": "1.545",
      "sequence": "5899023621568608",
      "side": "sell",
      "size": "64.72",
      "symbol": "QUILL-USDT",
      "takerOrderId": "674d85225a5550000703a533",
      "time": "1733133602717000000",
      "tradeId": "5899023621568608",
      "type": "match",
      "time_received": "10:00:02.7947"
    },
    {
      "makerOrderId": "674d8522754b1e0007ad84aa",
      "price": "1.5277",
      "sequence": "5899023621568611",
      "side": "sell",
      "size": "1",
      "symbol": "QUILL-USDT",
      "takerOrderId": "674d85225a5550000703a533",
      "time": "1733133602717000000",
      "tradeId": "5899023621568611",
      "type": "match",
      "time_received": "10:00:02.7947"
    },
    {
      "makerOrderId": "674d8522b38d12000770898c",
      "price": "1.5178",
      "sequence": "5899023621568614",
      "side": "sell",
      "size": "1",
      "symbol": "QUILL-USDT",
      "takerOrderId": "674d85225a5550000703a533",
      "time": "1733133602717000000",
      "tradeId": "5899023621568614",
      "type": "match",
      "time_received": "10:00:02.7948"
    },
    {
      "makerOrderId": "674d8522b26bfb0007d17cc7",
      "price": "1.5168",
      "sequence": "5899023621568617",
      "side": "sell",
      "size": "1",
      "symbol": "QUILL-USDT",
      "takerOrderId": "674d85225a5550000703a533",
      "time": "1733133602717000000",
      "tradeId": "5899023621568617",
      "type": "match",
      "time_received": "10:00:02.7948"
    },
    {
      "makerOrderId": "674d85215a55500007039e47",
      "price": "1.5156",
      "sequence": "5899023621568620",
      "side": "sell",
      "size": "1",
      "symbol": "QUILL-USDT",
      "takerOrderId": "674d85225a5550000703a533",
      "time": "1733133602717000000",
      "tradeId": "5899023621568620",
      "type": "match",
      "time_received": "10:00:02.7948"
    },
    {
      "makerOrderId": "674d8521b26bfb0007d179b2",
      "price": "1.515",
      "sequence": "5899023621568623",
      "side": "sell",
      "size": "1",
      "symbol": "QUILL-USDT",
      "takerOrderId": "674d85225a5550000703a533",
      "time": "1733133602717000000",
      "tradeId": "5899023621568623",
      "type": "match",
      "time_received": "10:00:02.7949"
    },
    {
      "makerOrderId": "674d85211adbea0007a6304e",
      "price": "1.5081",
      "sequence": "5899023621568626",
      "side": "sell",
      "size": "1",
      "symbol": "QUILL-USDT",
      "takerOrderId": "674d85225a5550000703a533",
      "time": "1733133602717000000",
      "tradeId": "5899023621568626",
      "type": "match",
      "time_received": "10:00:02.7949"
    },
    {
      "makerOrderId": "674d85209e4e400007ba320e",
      "price": "1.5",
      "sequence": "5899023621568629",
      "side": "sell",
      "size": "6.76",
      "symbol": "QUILL-USDT",
      "takerOrderId": "674d85225a5550000703a533",
      "time": "1733133602717000000",
      "tradeId": "5899023621568629",
      "type": "match",
      "time_received": "10:00:02.7949"
    },
    {
      "makerOrderId": "674d852233b8f3000757cb34",
      "price": "1.5892",
      "sequence": "5899023648438273",
      "side": "sell",
      "size": "1",
      "symbol": "QUILL-USDT",
      "takerOrderId": "674d8522ef434f00078aced7",
      "time": "1733133602759000000",
      "tradeId": "5899023648438273",
      "type": "match",
      "time_received": "10:00:02.8200"
    },
    {
      "makerOrderId": "674d85225a5550000703a104",
      "price": "1.6749",
      "sequence": "5899023768238095",
      "side": "buy",
      "size": "5.89",
      "symbol": "QUILL-USDT",
      "takerOrderId": "674d8522e21c74000787d881",
      "time": "1733133602954000000",
      "tradeId": "5899023768238095",
      "type": "match",
      "time_received": "10:00:03.0880"
    },
    {
      "makerOrderId": "674d8522725fc60007fd0481",
      "price": "1.5001",
      "sequence": "5899023825778701",
      "side": "sell",
      "size": "1",
      "symbol": "QUILL-USDT",
      "takerOrderId": "674d8523812d400007e0b5d8",
      "time": "1733133603096000000",
      "tradeId": "5899023825778701",
      "type": "match",
      "time_received": "10:00:03.2055"
    },
    {
      "makerOrderId": "674d85225a5550000703a104",
      "price": "1.6749",
      "sequence": "5899023839672329",
      "side": "buy",
      "size": "5.89",
      "symbol": "QUILL-USDT",
      "takerOrderId": "674d852333b8f3000757ce20",
      "time": "1733133603131000000",
      "tradeId": "5899023839672329",
      "type": "match",
      "time_received": "10:00:03.2057"
    },
    {
      "makerOrderId": "674d85225a5550000703a104",
      "price": "1.6749",
      "sequence": "5899023861561351",
      "side": "buy",
      "size": "136.98",
      "symbol": "QUILL-USDT",
      "takerOrderId": "674d8523f61fa000075fcdf1",
      "time": "1733133603173000000",
      "tradeId": "5899023861561351",
      "type": "match",
      "time_received": "10:00:03.2433"
    },
    {
      "makerOrderId": "674d5cf8b6d508000743df9f",
      "price": "1.675",
      "sequence": "5899023861561354",
      "side": "buy",
      "size": "159.22",
      "symbol": "QUILL-USDT",
      "takerOrderId": "674d8523f61fa000075fcdf1",
      "time": "1733133603173000000",
      "tradeId": "5899023861561354",
      "type": "match",
      "time_received": "10:00:03.2434"
    },
    {
      "makerOrderId": "674d5cf8b6d508000743df9f",
      "price": "1.675",
      "sequence": "5899023945185283",
      "side": "buy",
      "size": "5.7",
      "symbol": "QUILL-USDT",
      "takerOrderId": "674d852333b8f3000757d02f",
      "time": "1733133603338000000",
      "tradeId": "5899023945185283",
      "type": "match",
      "time_received": "10:00:03.3877"
    },
    {
      "makerOrderId": "674d8522725fc60007fd0481",
      "price": "1.5001",
      "sequence": "5899023970351119",
      "side": "sell",
      "size": "1",
      "symbol": "QUILL-USDT",
      "takerOrderId": "674d85235a5550000703aad6",
      "time": "1733133603394000000",
      "tradeId": "5899023970351119",
      "type": "match",
      "time_received": "10:00:03.4789"
    },
    {
      "makerOrderId": "674d8522725fc60007fd0481",
      "price": "1.5001",
      "sequence": "5899023988176899",
      "side": "sell",
      "size": "4.21",
      "symbol": "QUILL-USDT",
      "takerOrderId": "674d8523812d400007e0b905",
      "time": "1733133603441000000",
      "tradeId": "5899023988176899",
      "type": "match",
      "time_received": "10:00:03.4946"
    },
    {
      "makerOrderId": "674d8522439c100007d41ac1",
      "price": "1.5001",
      "sequence": "5899023988176902",
      "side": "sell",
      "size": "24.01",
      "symbol": "QUILL-USDT",
      "takerOrderId": "674d8523812d400007e0b905",
      "time": "1733133603441000000",
      "tradeId": "5899023988176902",
      "type": "match",
      "time_received": "10:00:03.4947"
    },
    {
      "makerOrderId": "674d8523754b1e0007ad8954",
      "price": "1.5001",
      "sequence": "5899023988176905",
      "side": "sell",
      "size": "8.42",
      "symbol": "QUILL-USDT",
      "takerOrderId": "674d8523812d400007e0b905",
      "time": "1733133603441000000",
      "tradeId": "5899023988176905",
      "type": "match",
      "time_received": "10:00:03.4947"
    },
    {
      "makerOrderId": "674d8523b38d1200077091f9",
      "price": "1.5001",
      "sequence": "5899023988176908",
      "side": "sell",
      "size": "31.23",
      "symbol": "QUILL-USDT",
      "takerOrderId": "674d8523812d400007e0b905",
      "time": "1733133603441000000",
      "tradeId": "5899023988176908",
      "type": "match",
      "time_received": "10:00:03.4947"
    },
    {
      "makerOrderId": "674d85209e4e400007ba320e",
      "price": "1.5",
      "sequence": "5899023988176911",
      "side": "sell",
      "size": "367.13",
      "symbol": "QUILL-USDT",
      "takerOrderId": "674d8523812d400007e0b905",
      "time": "1733133603441000000",
      "tradeId": "5899023988176911",
      "type": "match",
      "time_received": "10:00:03.4948"
    },
    {
      "makerOrderId": "674d5cf8b6d508000743df9f",
      "price": "1.675",
      "sequence": "5899024051353601",
      "side": "buy",
      "size": "10",
      "symbol": "QUILL-USDT",
      "takerOrderId": "674d8523e21c74000787ddd9",
      "time": "1733133603632000000",
      "tradeId": "5899024051353601",
      "type": "match",
      "time_received": "10:00:03.6818"
    },
    {
      "makerOrderId": "674d85209e4e400007ba320e",
      "price": "1.5",
      "sequence": "5899024066426881",
      "side": "sell",
      "size": "1200",
      "symbol": "QUILL-USDT",
      "takerOrderId": "674d8523ef434f00078ad5c7",
      "time": "1733133603675000000",
      "tradeId": "5899024066426881",
      "type": "match",
      "time_received": "10:00:03.7219"
    },
    {
      "makerOrderId": "674d85209e4e400007ba320e",
      "price": "1.5",
      "sequence": "5899024072456193",
      "side": "sell",
      "size": "1",
      "symbol": "QUILL-USDT",
      "takerOrderId": "674d8523b26bfb0007d187a9",
      "time": "1733133603699000000",
      "tradeId": "5899024072456193",
      "type": "match",
      "time_received": "10:00:03.7452"
    },
    {
      "makerOrderId": "674d8523f61fa000075fd276",
      "price": "1.5001",
      "sequence": "5899024249796611",
      "side": "sell",
      "size": "1",
      "symbol": "QUILL-USDT",
      "takerOrderId": "674d8523e21c74000787e215",
      "time": "1733133603992000000",
      "tradeId": "5899024249796611",
      "type": "match",
      "time_received": "10:00:04.0398"
    },
    {
      "makerOrderId": "674d5cf8b6d508000743df9f",
      "price": "1.675",
      "sequence": "5899024488216577",
      "side": "buy",
      "size": "5.89",
      "symbol": "QUILL-USDT",
      "takerOrderId": "674d8524ef434f00078adf74",
      "time": "1733133604246000000",
      "tradeId": "5899024488216577",
      "type": "match",
      "time_received": "10:00:04.3619"
    },
    {
      "makerOrderId": "674d5cf8b6d508000743df9f",
      "price": "1.675",
      "sequence": "5899024749705217",
      "side": "buy",
      "size": "29.62",
      "symbol": "QUILL-USDT",
      "takerOrderId": "674d85245e5d4c0007199faa",
      "time": "1733133604645000000",
      "tradeId": "5899024749705217",
      "type": "match",
      "time_received": "10:00:04.7019"
    },
    {
      "makerOrderId": "674d85245e5d4c0007199faa",
      "price": "1.675",
      "sequence": "5899024987863041",
      "side": "sell",
      "size": "1",
      "symbol": "QUILL-USDT",
      "takerOrderId": "674d8525dcdd7b00070ce4aa",
      "time": "1733133605057000000",
      "tradeId": "5899024987863041",
      "type": "match",
      "time_received": "10:00:05.2345"
    },
    {
      "makerOrderId": "674d85245e5d4c0007199faa",
      "price": "1.675",
      "sequence": "5899025110153217",
      "side": "sell",
      "size": "1",
      "symbol": "QUILL-USDT",
      "takerOrderId": "674d85259e4e400007ba6752",
      "time": "1733133605358000000",
      "tradeId": "5899025110153217",
      "type": "match",
      "time_received": "10:00:05.4249"
    },
    {
      "makerOrderId": "674d85245e5d4c0007199faa",
      "price": "1.675",
      "sequence": "5899025227593729",
      "side": "sell",
      "size": "1",
      "symbol": "QUILL-USDT",
      "takerOrderId": "674d8525b6d5080007a68818",
      "time": "1733133605662000000",
      "tradeId": "5899025227593729",
      "type": "match",
      "time_received": "10:00:05.7144"
    },
    {
      "makerOrderId": "674d85245e5d4c0007199faa",
      "price": "1.675",
      "sequence": "5899025372166145",
      "side": "sell",
      "size": "1",
      "symbol": "QUILL-USDT",
      "takerOrderId": "674d852533b8f3000757ee07",
      "time": "1733133605958000000",
      "tradeId": "5899025372166145",
      "type": "match",
      "time_received": "10:00:06.0035"
    },
    {
      "makerOrderId": "674d5cf85e5d4c0007b6fa51",
      "price": "1.7",
      "sequence": "5899025408604161",
      "side": "buy",
      "size": "13.82",
      "symbol": "QUILL-USDT",
      "takerOrderId": "674d8525b6d5080007a68a2c",
      "time": "1733133606050000000",
      "tradeId": "5899025408604161",
      "type": "match",
      "time_received": "10:00:06.0977"
    },
    {
      "makerOrderId": "674d85245e5d4c0007199faa",
      "price": "1.675",
      "sequence": "5899025528535041",
      "side": "sell",
      "size": "16.68",
      "symbol": "QUILL-USDT",
      "takerOrderId": "674d8526a69a4c00074c8526",
      "time": "1733133606280000000",
      "tradeId": "5899025528535041",
      "type": "match",
      "time_received": "10:00:06.3299"
    },
    {
      "makerOrderId": "674d852414a89200077dd163",
      "price": "1.625",
      "sequence": "5899025528535044",
      "side": "sell",
      "size": "3.55",
      "symbol": "QUILL-USDT",
      "takerOrderId": "674d8526a69a4c00074c8526",
      "time": "1733133606280000000",
      "tradeId": "5899025528535044",
      "type": "match",
      "time_received": "10:00:06.3300"
    },
    {
      "makerOrderId": "674d852614a89200077ddcae",
      "price": "1.592",
      "sequence": "5899025528535047",
      "side": "sell",
      "size": "5.82",
      "symbol": "QUILL-USDT",
      "takerOrderId": "674d8526a69a4c00074c8526",
      "time": "1733133606280000000",
      "tradeId": "5899025528535047",
      "type": "match",
      "time_received": "10:00:06.3300"
    },
    {
      "makerOrderId": "674d85259e4e400007ba6b22",
      "price": "1.5919",
      "sequence": "5899025528535050",
      "side": "sell",
      "size": "29.63",
      "symbol": "QUILL-USDT",
      "takerOrderId": "674d8526a69a4c00074c8526",
      "time": "1733133606280000000",
      "tradeId": "5899025528535050",
      "type": "match",
      "time_received": "10:00:06.3300"
    },
    {
      "makerOrderId": "674d8525e21c74000787f882",
      "price": "1.5919",
      "sequence": "5899025528535053",
      "side": "sell",
      "size": "29.63",
      "symbol": "QUILL-USDT",
      "takerOrderId": "674d8526a69a4c00074c8526",
      "time": "1733133606280000000",
      "tradeId": "5899025528535053",
      "type": "match",
      "time_received": "10:00:06.3300"
    },
    {
      "makerOrderId": "674d8525754b1e0007adaa44",
      "price": "1.5919",
      "sequence": "5899025528535056",
      "side": "sell",
      "size": "29.63",
      "symbol": "QUILL-USDT",
      "takerOrderId": "674d8526a69a4c00074c8526",
      "time": "1733133606280000000",
      "tradeId": "5899025528535056",
      "type": "match",
      "time_received": "10:00:06.3301"
    },
    {
      "makerOrderId": "674d8524f61fa000075fe24f",
      "price": "1.4924",
      "sequence": "5899025529321473",
      "side": "sell",
      "size": "1",
      "symbol": "QUILL-USDT",
      "takerOrderId": "674d852633b8f3000757f079",
      "time": "1733133606282000000",
      "tradeId": "5899025529321473",
      "type": "match",
      "time_received": "10:00:06.3301"
    },
    {
      "makerOrderId": "674d8524f61fa000075fe24f",
      "price": "1.4924",
      "sequence": "5899025593284609",
      "side": "sell",
      "size": "12.8",
      "symbol": "QUILL-USDT",
      "takerOrderId": "674d85262033a500076f242a",
      "time": "1733133606446000000",
      "tradeId": "5899025593284609",
      "type": "match",
      "time_received": "10:00:06.4930"
    },
    {
      "makerOrderId": "674d8526725fc60007fd2a9a",
      "price": "1.2102",
      "sequence": "5899025641650177",
      "side": "sell",
      "size": "1",
      "symbol": "QUILL-USDT",
      "takerOrderId": "674d852614a89200077de062",
      "time": "1733133606581000000",
      "tradeId": "5899025641650177",
      "type": "match",
      "time_received": "10:00:06.6288"
    },
    {
      "makerOrderId": "674d8526725fc60007fd2a9a",
      "price": "1.2102",
      "sequence": "5899025726978049",
      "side": "sell",
      "size": "3.73",
      "symbol": "QUILL-USDT",
      "takerOrderId": "674d8526a69a4c00074c8922",
      "time": "1733133606809000000",
      "tradeId": "5899025726978049",
      "type": "match",
      "time_received": "10:00:06.8594"
    },
    {
      "makerOrderId": "674d8526b26bfb0007d1a4a9",
      "price": "1.2101",
      "sequence": "5899025726978052",
      "side": "sell",
      "size": "4.88",
      "symbol": "QUILL-USDT",
      "takerOrderId": "674d8526a69a4c00074c8922",
      "time": "1733133606809000000",
      "tradeId": "5899025726978052",
      "type": "match",
      "time_received": "10:00:06.8595"
    },
    {
      "makerOrderId": "674d8526725fc60007fd29ac",
      "price": "1.2101",
      "sequence": "5899025726978055",
      "side": "sell",
      "size": "4.73",
      "symbol": "QUILL-USDT",
      "takerOrderId": "674d8526a69a4c00074c8922",
      "time": "1733133606809000000",
      "tradeId": "5899025726978055",
      "type": "match",
      "time_received": "10:00:06.8595"
    },
    {
      "makerOrderId": "674d8526ef434f00078af4f4",
      "price": "1.2101",
      "sequence": "5899025726978058",
      "side": "sell",
      "size": "4.73",
      "symbol": "QUILL-USDT",
      "takerOrderId": "674d8526a69a4c00074c8922",
      "time": "1733133606809000000",
      "tradeId": "5899025726978058",
      "type": "match",
      "time_received": "10:00:06.8596"
    },
    {
      "makerOrderId": "674d85205e5d4c0007197305",
      "price": "1.21",
      "sequence": "5899025726978061",
      "side": "sell",
      "size": "1516.48",
      "symbol": "QUILL-USDT",
      "takerOrderId": "674d8526a69a4c00074c8922",
      "time": "1733133606809000000",
      "tradeId": "5899025726978061",
      "type": "match",
      "time_received": "10:00:06.8597"
    },
    {
      "makerOrderId": "674d85205e5d4c0007197305",
      "price": "1.21",
      "sequence": "5899025748211713",
      "side": "sell",
      "size": "47.2",
      "symbol": "QUILL-USDT",
      "takerOrderId": "674d852633b8f3000757f549",
      "time": "1733133606861000000",
      "tradeId": "5899025748211713",
      "type": "match",
      "time_received": "10:00:06.9141"
    },
    {
      "makerOrderId": "674d85205e5d4c0007197305",
      "price": "1.21",
      "sequence": "5899025752930305",
      "side": "sell",
      "size": "1",
      "symbol": "QUILL-USDT",
      "takerOrderId": "674d8526439c100007d442f1",
      "time": "1733133606873000000",
      "tradeId": "5899025752930305",
      "type": "match",
      "time_received": "10:00:06.9221"
    },
    {
      "makerOrderId": "674d8526439c100007d440fc",
      "price": "1.4446",
      "sequence": "5899025846646785",
      "side": "buy",
      "size": "5.77",
      "symbol": "QUILL-USDT",
      "takerOrderId": "674d85275a5550000703d16f",
      "time": "1733133607037000000",
      "tradeId": "5899025846646785",
      "type": "match",
      "time_received": "10:00:07.1052"
    },
    {
      "makerOrderId": "674d8526812d400007e0de3c",
      "price": "1.236",
      "sequence": "5899025908774913",
      "side": "sell",
      "size": "1",
      "symbol": "QUILL-USDT",
      "takerOrderId": "674d85272033a500076f2acf",
      "time": "1733133607188000000",
      "tradeId": "5899025908774913",
      "type": "match",
      "time_received": "10:00:07.2392"
    },
    {
      "makerOrderId": "674d8526812d400007e0de3c",
      "price": "1.236",
      "sequence": "5899026011404289",
      "side": "sell",
      "size": "1",
      "symbol": "QUILL-USDT",
      "takerOrderId": "674d85278b053b0007e040dd",
      "time": "1733133607489000000",
      "tradeId": "5899026011404289",
      "type": "match",
      "time_received": "10:00:07.5363"
    },
    {
      "makerOrderId": "674d85278b053b0007e040fc",
      "price": "1.2362",
      "sequence": "5899026062653441",
      "side": "sell",
      "size": "6.79",
      "symbol": "QUILL-USDT",
      "takerOrderId": "674d8527b6d5080007a697c7",
      "time": "1733133607652000000",
      "tradeId": "5899026062653441",
      "type": "match",
      "time_received": "10:00:07.7022"
    },
    {
      "makerOrderId": "674d8526812d400007e0de3c",
      "price": "1.236",
      "sequence": "5899026062653444",
      "side": "sell",
      "size": "159.81",
      "symbol": "QUILL-USDT",
      "takerOrderId": "674d8527b6d5080007a697c7",
      "time": "1733133607652000000",
      "tradeId": "5899026062653444",
      "type": "match",
      "time_received": "10:00:07.7023"
    },
    {
      "makerOrderId": "674d8526439c100007d440fc",
      "price": "1.4446",
      "sequence": "5899026084673537",
      "side": "buy",
      "size": "8.03",
      "symbol": "QUILL-USDT",
      "takerOrderId": "674d8527a69a4c00074c904f",
      "time": "1733133607725000000",
      "tradeId": "5899026084673537",
      "type": "match",
      "time_received": "10:00:07.7760"
    },
    {
      "makerOrderId": "674d8527a69a4c00074c904f",
      "price": "1.675",
      "sequence": "5899026168559617",
      "side": "sell",
      "size": "1",
      "symbol": "QUILL-USDT",
      "takerOrderId": "674d8527725fc60007fd3616",
      "time": "1733133607898000000",
      "tradeId": "5899026168559617",
      "type": "match",
      "time_received": "10:00:07.9445"
    },
    {
      "makerOrderId": "674d8527a69a4c00074c904f",
      "price": "1.675",
      "sequence": "5899026292946945",
      "side": "sell",
      "size": "1",
      "symbol": "QUILL-USDT",
      "takerOrderId": "674d85282033a500076f324d",
      "time": "1733133608195000000",
      "tradeId": "5899026292946945",
      "type": "match",
      "time_received": "10:00:08.2544"
    },
    {
      "makerOrderId": "674d8527a69a4c00074c904f",
      "price": "1.675",
      "sequence": "5899026293864449",
      "side": "sell",
      "size": "64.72",
      "symbol": "QUILL-USDT",
      "takerOrderId": "674d8528e21c740007880adc",
      "time": "1733133608197000000",
      "tradeId": "5899026293864449",
      "type": "match",
      "time_received": "10:00:08.2545"
    },
    {
      "makerOrderId": "674d8527a69a4c00074c904f",
      "price": "1.675",
      "sequence": "5899026435422209",
      "side": "sell",
      "size": "1",
      "symbol": "QUILL-USDT",
      "takerOrderId": "674d8528812d400007e0ea1e",
      "time": "1733133608490000000",
      "tradeId": "5899026435422209",
      "type": "match",
      "time_received": "10:00:08.5377"
    },
    {
      "makerOrderId": "674d8527a69a4c00074c904f",
      "price": "1.675",
      "sequence": "5899026501482497",
      "side": "sell",
      "size": "161.81",
      "symbol": "QUILL-USDT",
      "takerOrderId": "674d8528a69a4c00074c97ac",
      "time": "1733133608666000000",
      "tradeId": "5899026501482497",
      "type": "match",
      "time_received": "10:00:08.7124"
    },
    {
      "makerOrderId": "674d8527a69a4c00074c904f",
      "price": "1.675",
      "sequence": "5899026545653761",
      "side": "sell",
      "size": "1",
      "symbol": "QUILL-USDT",
      "takerOrderId": "674d8528b38d12000770c82a",
      "time": "1733133608793000000",
      "tradeId": "5899026545653761",
      "type": "match",
      "time_received": "10:00:08.8388"
    },
    {
      "makerOrderId": "674d8527a69a4c00074c904f",
      "price": "1.675",
      "sequence": "5899026697435137",
      "side": "sell",
      "size": "1",
      "symbol": "QUILL-USDT",
      "takerOrderId": "674d85295e5d4c000719c495",
      "time": "1733133609139000000",
      "tradeId": "5899026697435137",
      "type": "match",
      "time_received": "10:00:09.1876"
    },
    {
      "makerOrderId": "674d8527a69a4c00074c904f",
      "price": "1.675",
      "sequence": "5899026813827073",
      "side": "sell",
      "size": "1",
      "symbol": "QUILL-USDT",
      "takerOrderId": "674d85299e4e400007ba874b",
      "time": "1733133609447000000",
      "tradeId": "5899026813827073",
      "type": "match",
      "time_received": "10:00:09.4957"
    },
    {
      "makerOrderId": "674d8527a69a4c00074c904f",
      "price": "1.675",
      "sequence": "5899026846332929",
      "side": "sell",
      "size": "205.18",
      "symbol": "QUILL-USDT",
      "takerOrderId": "674d8529b6d5080007a6a64e",
      "time": "1733133609537000000",
      "tradeId": "5899026846332929",
      "type": "match",
      "time_received": "10:00:09.5841"
    },
    {
      "makerOrderId": "674d8529b26bfb0007d1bb86",
      "price": "1.6749",
      "sequence": "5899026846332932",
      "side": "sell",
      "size": "13.31",
      "symbol": "QUILL-USDT",
      "takerOrderId": "674d8529b6d5080007a6a64e",
      "time": "1733133609537000000",
      "tradeId": "5899026846332932",
      "type": "match",
      "time_received": "10:00:09.5842"
    },
    {
      "makerOrderId": "674d852914a89200077df79e",
      "price": "1.3144",
      "sequence": "5899026976880641",
      "side": "sell",
      "size": "1",
      "symbol": "QUILL-USDT",
      "takerOrderId": "674d8529e21c740007881810",
      "time": "1733133609835000000",
      "tradeId": "5899026976880641",
      "type": "match",
      "time_received": "10:00:09.8819"
    },
    {
      "makerOrderId": "674d852914a89200077df79e",
      "price": "1.3144",
      "sequence": "5899026980419585",
      "side": "sell",
      "size": "58.26",
      "symbol": "QUILL-USDT",
      "takerOrderId": "674d8529812d400007e0f4a0",
      "time": "1733133609842000000",
      "tradeId": "5899026980419585",
      "type": "match",
      "time_received": "10:00:09.8868"
    },
    {
      "makerOrderId": "674d852814a89200077deff8",
      "price": "1.3143",
      "sequence": "5899026980419588",
      "side": "sell",
      "size": "126.57",
      "symbol": "QUILL-USDT",
      "takerOrderId": "674d8529812d400007e0f4a0",
      "time": "1733133609842000000",
      "tradeId": "5899026980419588",
      "type": "match",
      "time_received": "10:00:09.8869"
    },
    {
      "makerOrderId": "674d8529754b1e0007adc581",
      "price": "1.236",
      "sequence": "5899026980419591",
      "side": "sell",
      "size": "64.19",
      "symbol": "QUILL-USDT",
      "takerOrderId": "674d8529812d400007e0f4a0",
      "time": "1733133609842000000",
      "tradeId": "5899026980419591",
      "type": "match",
      "time_received": "10:00:09.8871"
    },
    {
      "makerOrderId": "674d8529812d400007e0f3fb",
      "price": "1.218",
      "sequence": "5899026980419594",
      "side": "sell",
      "size": "32.84",
      "symbol": "QUILL-USDT",
      "takerOrderId": "674d8529812d400007e0f4a0",
      "time": "1733133609842000000",
      "tradeId": "5899026980419594",
      "type": "match",
      "time_received": "10:00:09.8871"
    },
    {
      "makerOrderId": "674d85299e4e400007ba8b80",
      "price": "1.3145",
      "sequence": "5899027123419137",
      "side": "sell",
      "size": "1",
      "symbol": "QUILL-USDT",
      "takerOrderId": "674d852aef434f00078b12fe",
      "time": "1733133610134000000",
      "tradeId": "5899027123419137",
      "type": "match",
      "time_received": "10:00:10.1809"
    },
    {
      "makerOrderId": "674d852af61fa000076010f6",
      "price": "1.3147",
      "sequence": "5899027231815681",
      "side": "sell",
      "size": "1",
      "symbol": "QUILL-USDT",
      "takerOrderId": "674d852ab38d12000770d539",
      "time": "1733133610424000000",
      "tradeId": "5899027231815681",
      "type": "match",
      "time_received": "10:00:10.4736"
    },
    {
      "makerOrderId": "674d852a33b8f300075812e0",
      "price": "1.3248",
      "sequence": "5899027358300161",
      "side": "sell",
      "size": "1",
      "symbol": "QUILL-USDT",
      "takerOrderId": "674d852adcdd7b00070d1171",
      "time": "1733133610732000000",
      "tradeId": "5899027358300161",
      "type": "match",
      "time_received": "10:00:10.7781"
    },
    {
      "makerOrderId": "674d852a33b8f300075812e0",
      "price": "1.3248",
      "sequence": "5899027499333633",
      "side": "sell",
      "size": "1",
      "symbol": "QUILL-USDT",
      "takerOrderId": "674d852ba69a4c00074caaae",
      "time": "1733133611046000000",
      "tradeId": "5899027499333633",
      "type": "match",
      "time_received": "10:00:11.0927"
    },
    {
      "makerOrderId": "674d852a33b8f300075812e0",
      "price": "1.3248",
      "sequence": "5899027607861249",
      "side": "sell",
      "size": "1",
      "symbol": "QUILL-USDT",
      "takerOrderId": "674d852bef434f00078b1c34",
      "time": "1733133611342000000",
      "tradeId": "5899027607861249",
      "type": "match",
      "time_received": "10:00:11.3874"
    },
    {
      "makerOrderId": "674d852b725fc60007fd4ffd",
      "price": "1.632",
      "sequence": "5899027626211329",
      "side": "buy",
      "size": "1.77",
      "symbol": "QUILL-USDT",
      "takerOrderId": "674d852bef434f00078b1c6b",
      "time": "1733133611397000000",
      "tradeId": "5899027626211329",
      "type": "match",
      "time_received": "10:00:11.4416"
    },
    {
      "makerOrderId": "674d852bdcdd7b00070d165d",
      "price": "1.325",
      "sequence": "5899027684276225",
      "side": "sell",
      "size": "1.58",
      "symbol": "QUILL-USDT",
      "takerOrderId": "674d852ba69a4c00074cae31",
      "time": "1733133611548000000",
      "tradeId": "5899027684276225",
      "type": "match",
      "time_received": "10:00:11.5956"
    },
    {
      "makerOrderId": "674d852ba69a4c00074cae2f",
      "price": "1.3155",
      "sequence": "5899027684276228",
      "side": "sell",
      "size": "66.33",
      "symbol": "QUILL-USDT",
      "takerOrderId": "674d852ba69a4c00074cae31",
      "time": "1733133611548000000",
      "tradeId": "5899027684276228",
      "type": "match",
      "time_received": "10:00:11.5957"
    },
    {
      "makerOrderId": "674d852bef434f00078b1b49",
      "price": "1.3154",
      "sequence": "5899027684276231",
      "side": "sell",
      "size": "66.35",
      "symbol": "QUILL-USDT",
      "takerOrderId": "674d852ba69a4c00074cae31",
      "time": "1733133611548000000",
      "tradeId": "5899027684276231",
      "type": "match",
      "time_received": "10:00:11.5957"
    },
    {
      "makerOrderId": "674d8529ef434f00078b1146",
      "price": "1.3143",
      "sequence": "5899027684276234",
      "side": "sell",
      "size": "53.26",
      "symbol": "QUILL-USDT",
      "takerOrderId": "674d852ba69a4c00074cae31",
      "time": "1733133611548000000",
      "tradeId": "5899027684276234",
      "type": "match",
      "time_received": "10:00:11.5958"
    },
    {
      "makerOrderId": "674d852ab26bfb0007d1c389",
      "price": "1.2576",
      "sequence": "5899027684276237",
      "side": "sell",
      "size": "7.95",
      "symbol": "QUILL-USDT",
      "takerOrderId": "674d852ba69a4c00074cae31",
      "time": "1733133611548000000",
      "tradeId": "5899027684276237",
      "type": "match",
      "time_received": "10:00:11.5959"
    },
    {
      "makerOrderId": "674d852ae21c740007881f51",
      "price": "1.248",
      "sequence": "5899027684276240",
      "side": "sell",
      "size": "400.64",
      "symbol": "QUILL-USDT",
      "takerOrderId": "674d852ba69a4c00074cae31",
      "time": "1733133611548000000",
      "tradeId": "5899027684276240",
      "type": "match",
      "time_received": "10:00:11.5959"
    },
    {
      "makerOrderId": "674d8529dcdd7b00070d0c05",
      "price": "1.125",
      "sequence": "5899027725039617",
      "side": "sell",
      "size": "1",
      "symbol": "QUILL-USDT",
      "takerOrderId": "674d852b2033a500076f4cdf",
      "time": "1733133611655000000",
      "tradeId": "5899027725039617",
      "type": "match",
      "time_received": "10:00:11.7001"
    },
    {
      "makerOrderId": "674d852bf61fa00007601a28",
      "price": "1.3143",
      "sequence": "5899027822163969",
      "side": "sell",
      "size": "7.6",
      "symbol": "QUILL-USDT",
      "takerOrderId": "674d852bf61fa00007601b69",
      "time": "1733133611880000000",
      "tradeId": "5899027822163969",
      "type": "match",
      "time_received": "10:00:11.9343"
    },
    {
      "makerOrderId": "674d852b9e4e400007ba98d5",
      "price": "1.1309",
      "sequence": "5899027853752321",
      "side": "sell",
      "size": "1",
      "symbol": "QUILL-USDT",
      "takerOrderId": "674d852ba69a4c00074cb11a",
      "time": "1733133611968000000",
      "tradeId": "5899027853752321",
      "type": "match",
      "time_received": "10:00:12.0158"
    },
    {
      "makerOrderId": "674d852cf61fa00007601dc8",
      "price": "1.3231",
      "sequence": "5899027955726337",
      "side": "sell",
      "size": "117.94",
      "symbol": "QUILL-USDT",
      "takerOrderId": "674d852c9e4e400007ba9c70",
      "time": "1733133612169000000",
      "tradeId": "5899027955726337",
      "type": "match",
      "time_received": "10:00:12.2164"
    },
    {
      "makerOrderId": "674d852cf61fa00007601dc8",
      "price": "1.3231",
      "sequence": "5899027999242241",
      "side": "sell",
      "size": "1",
      "symbol": "QUILL-USDT",
      "takerOrderId": "674d852cf61fa00007601e9b",
      "time": "1733133612260000000",
      "tradeId": "5899027999242241",
      "type": "match",
      "time_received": "10:00:12.3087"
    },
    {
      "makerOrderId": "674d852cb26bfb0007d1d51b",
      "price": "1.3601",
      "sequence": "5899028100429825",
      "side": "sell",
      "size": "1",
      "symbol": "QUILL-USDT",
      "takerOrderId": "674d852cb26bfb0007d1d5a4",
      "time": "1733133612559000000",
      "tradeId": "5899028100429825",
      "type": "match",
      "time_received": "10:00:12.6064"
    },
    {
      "makerOrderId": "674d852cb26bfb0007d1d51b",
      "price": "1.3601",
      "sequence": "5899028202665985",
      "side": "sell",
      "size": "1",
      "symbol": "QUILL-USDT",
      "takerOrderId": "674d852c8b053b0007e06992",
      "time": "1733133612847000000",
      "tradeId": "5899028202665985",
      "type": "match",
      "time_received": "10:00:12.8941"
    },
    {
      "makerOrderId": "674d852c725fc60007fd5c9d",
      "price": "1.3602",
      "sequence": "5899028341602305",
      "side": "sell",
      "size": "1",
      "symbol": "QUILL-USDT",
      "takerOrderId": "674d852d1adbea0007a69635",
      "time": "1733133613093000000",
      "tradeId": "5899028341602305",
      "type": "match",
      "time_received": "10:00:13.1396"
    },
    {
      "makerOrderId": "674d852c725fc60007fd5c9d",
      "price": "1.3602",
      "sequence": "5899028347631617",
      "side": "sell",
      "size": "1.31",
      "symbol": "QUILL-USDT",
      "takerOrderId": "674d852d33b8f3000758256f",
      "time": "1733133613113000000",
      "tradeId": "5899028347631617",
      "type": "match",
      "time_received": "10:00:13.1638"
    },
    {
      "makerOrderId": "674d852cb26bfb0007d1d51b",
      "price": "1.3601",
      "sequence": "5899028347631620",
      "side": "sell",
      "size": "64.35",
      "symbol": "QUILL-USDT",
      "takerOrderId": "674d852d33b8f3000758256f",
      "time": "1733133613113000000",
      "tradeId": "5899028347631620",
      "type": "match",
      "time_received": "10:00:13.1639"
    },
    {
      "makerOrderId": "674d852cb6d5080007a6bfba",
      "price": "1.3601",
      "sequence": "5899028347631623",
      "side": "sell",
      "size": "44.74",
      "symbol": "QUILL-USDT",
      "takerOrderId": "674d852d33b8f3000758256f",
      "time": "1733133613113000000",
      "tradeId": "5899028347631623",
      "type": "match",
      "time_received": "10:00:13.1648"
    },
    {
      "makerOrderId": "674d852c1adbea0007a68e53",
      "price": "1.18",
      "sequence": "5899028377909249",
      "side": "sell",
      "size": "1",
      "symbol": "QUILL-USDT",
      "takerOrderId": "674d852d439c100007d4741a",
      "time": "1733133613209000000",
      "tradeId": "5899028377909249",
      "type": "match",
      "time_received": "10:00:13.2533"
    },
    {
      "makerOrderId": "674d852d725fc60007fd5ec2",
      "price": "1.1801",
      "sequence": "5899028565080065",
      "side": "sell",
      "size": "1",
      "symbol": "QUILL-USDT",
      "takerOrderId": "674d852def434f00078b2ed3",
      "time": "1733133613625000000",
      "tradeId": "5899028565080065",
      "type": "match",
      "time_received": "10:00:13.6729"
    },
    {
      "makerOrderId": "674d852da69a4c00074cc2ea",
      "price": "1.188",
      "sequence": "5899028774139905",
      "side": "sell",
      "size": "1",
      "symbol": "QUILL-USDT",
      "takerOrderId": "674d852eb38d12000770f35b",
      "time": "1733133614034000000",
      "tradeId": "5899028774139905",
      "type": "match",
      "time_received": "10:00:14.0795"
    },
    {
      "makerOrderId": "674d852e754b1e0007adec33",
      "price": "1.188",
      "sequence": "5899028864841729",
      "side": "sell",
      "size": "168.35",
      "symbol": "QUILL-USDT",
      "takerOrderId": "674d852e754b1e0007adecbe",
      "time": "1733133614267000000",
      "tradeId": "5899028864841729",
      "type": "match",
      "time_received": "10:00:14.3194"
    },
    {
      "makerOrderId": "674d852d8b053b0007e072cc",
      "price": "1.1802",
      "sequence": "5899028864841732",
      "side": "sell",
      "size": "4.02",
      "symbol": "QUILL-USDT",
      "takerOrderId": "674d852e754b1e0007adecbe",
      "time": "1733133614267000000",
      "tradeId": "5899028864841732",
      "type": "match",
      "time_received": "10:00:14.3196"
    },
    {
      "makerOrderId": "674d852df61fa00007602c6f",
      "price": "1.1802",
      "sequence": "5899028864841735",
      "side": "sell",
      "size": "4.01",
      "symbol": "QUILL-USDT",
      "takerOrderId": "674d852e754b1e0007adecbe",
      "time": "1733133614267000000",
      "tradeId": "5899028864841735",
      "type": "match",
      "time_received": "10:00:14.3196"
    },
    {
      "makerOrderId": "674d852d9e4e400007baaa9d",
      "price": "1.1802",
      "sequence": "5899028864841738",
      "side": "sell",
      "size": "4.01",
      "symbol": "QUILL-USDT",
      "takerOrderId": "674d852e754b1e0007adecbe",
      "time": "1733133614267000000",
      "tradeId": "5899028864841738",
      "type": "match",
      "time_received": "10:00:14.3197"
    },
    {
      "makerOrderId": "674d852d5e5d4c000719ea0a",
      "price": "1.1802",
      "sequence": "5899028864841741",
      "side": "sell",
      "size": "24.75",
      "symbol": "QUILL-USDT",
      "takerOrderId": "674d852e754b1e0007adecbe",
      "time": "1733133614267000000",
      "tradeId": "5899028864841741",
      "type": "match",
      "time_received": "10:00:14.3198"
    },
    {
      "makerOrderId": "674d852e5a55500007040a67",
      "price": "1.1802",
      "sequence": "5899028864841744",
      "side": "sell",
      "size": "2.67",
      "symbol": "QUILL-USDT",
      "takerOrderId": "674d852e754b1e0007adecbe",
      "time": "1733133614267000000",
      "tradeId": "5899028864841744",
      "type": "match",
      "time_received": "10:00:14.3198"
    },
    {
      "makerOrderId": "674d852db6d5080007a6c956",
      "price": "1.1801",
      "sequence": "5899028864841747",
      "side": "sell",
      "size": "76.75",
      "symbol": "QUILL-USDT",
      "takerOrderId": "674d852e754b1e0007adecbe",
      "time": "1733133614267000000",
      "tradeId": "5899028864841747",
      "type": "match",
      "time_received": "10:00:14.3199"
    },
    {
      "makerOrderId": "674d852c1adbea0007a68e53",
      "price": "1.18",
      "sequence": "5899028864841750",
      "side": "sell",
      "size": "41.37",
      "symbol": "QUILL-USDT",
      "takerOrderId": "674d852e754b1e0007adecbe",
      "time": "1733133614267000000",
      "tradeId": "5899028864841750",
      "type": "match",
      "time_received": "10:00:14.3201"
    },
    {
      "makerOrderId": "674d852b9e4e400007ba98d5",
      "price": "1.1309",
      "sequence": "5899028864841753",
      "side": "sell",
      "size": "17.22",
      "symbol": "QUILL-USDT",
      "takerOrderId": "674d852e754b1e0007adecbe",
      "time": "1733133614267000000",
      "tradeId": "5899028864841753",
      "type": "match",
      "time_received": "10:00:14.3202"
    },
    {
      "makerOrderId": "674d852e812d400007e118eb",
      "price": "1.01",
      "sequence": "5899028888303617",
      "side": "sell",
      "size": "1",
      "symbol": "QUILL-USDT",
      "takerOrderId": "674d852eb38d12000770f556",
      "time": "1733133614328000000",
      "tradeId": "5899028888303617",
      "type": "match",
      "time_received": "10:00:14.3770"
    },
    {
      "makerOrderId": "674d852e812d400007e119ce",
      "price": "1.0101",
      "sequence": "5899029005088769",
      "side": "sell",
      "size": "1",
      "symbol": "QUILL-USDT",
      "takerOrderId": "674d852eb6d5080007a6d14f",
      "time": "1733133614639000000",
      "tradeId": "5899029005088769",
      "type": "match",
      "time_received": "10:00:14.6860"
    },
    {
      "makerOrderId": "674d852e812d400007e119ce",
      "price": "1.0101",
      "sequence": "5899029144287233",
      "side": "sell",
      "size": "1",
      "symbol": "QUILL-USDT",
      "takerOrderId": "674d852f14a89200077e24fb",
      "time": "1733133615061000000",
      "tradeId": "5899029144287233",
      "type": "match",
      "time_received": "10:00:15.1072"
    },
    {
      "makerOrderId": "674d852e812d400007e119ce",
      "price": "1.0101",
      "sequence": "5899029234464769",
      "side": "sell",
      "size": "0.1",
      "symbol": "QUILL-USDT",
      "takerOrderId": "674d852fb38d12000770fd53",
      "time": "1733133615347000000",
      "tradeId": "5899029234464769",
      "type": "match",
      "time_received": "10:00:15.3958"
    },
    {
      "makerOrderId": "674d852e5a5550000704104c",
      "price": "1.0101",
      "sequence": "5899029234464772",
      "side": "sell",
      "size": "0.9",
      "symbol": "QUILL-USDT",
      "takerOrderId": "674d852fb38d12000770fd53",
      "time": "1733133615347000000",
      "tradeId": "5899029234464772",
      "type": "match",
      "time_received": "10:00:15.3959"
    },
    {
      "makerOrderId": "674d852fe21c7400078844be",
      "price": "1.0102",
      "sequence": "5899029279815681",
      "side": "sell",
      "size": "3.82",
      "symbol": "QUILL-USDT",
      "takerOrderId": "674d852f439c100007d4882a",
      "time": "1733133615497000000",
      "tradeId": "5899029279815681",
      "type": "match",
      "time_received": "10:00:15.5456"
    },
    {
      "makerOrderId": "674d852f754b1e0007adf576",
      "price": "1.0102",
      "sequence": "5899029279815684",
      "side": "sell",
      "size": "3.82",
      "symbol": "QUILL-USDT",
      "takerOrderId": "674d852f439c100007d4882a",
      "time": "1733133615497000000",
      "tradeId": "5899029279815684",
      "type": "match",
      "time_received": "10:00:15.5457"
    },
    {
      "makerOrderId": "674d852f9e4e400007bab78c",
      "price": "1.0102",
      "sequence": "5899029279815687",
      "side": "sell",
      "size": "2.91",
      "symbol": "QUILL-USDT",
      "takerOrderId": "674d852f439c100007d4882a",
      "time": "1733133615497000000",
      "tradeId": "5899029279815687",
      "type": "match",
      "time_received": "10:00:15.5458"
    },
    {
      "makerOrderId": "674d852e812d400007e118eb",
      "price": "1.01",
      "sequence": "5899029279815690",
      "side": "sell",
      "size": "98",
      "symbol": "QUILL-USDT",
      "takerOrderId": "674d852f439c100007d4882a",
      "time": "1733133615497000000",
      "tradeId": "5899029279815690",
      "type": "match",
      "time_received": "10:00:15.5458"
    },
    {
      "makerOrderId": "674d8529754b1e0007adc2dc",
      "price": "0.9882",
      "sequence": "5899029279815693",
      "side": "sell",
      "size": "50.59",
      "symbol": "QUILL-USDT",
      "takerOrderId": "674d852f439c100007d4882a",
      "time": "1733133615497000000",
      "tradeId": "5899029279815693",
      "type": "match",
      "time_received": "10:00:15.5459"
    },
    {
      "makerOrderId": "674d852e9e4e400007bab012",
      "price": "1.0947",
      "sequence": "5899029324511233",
      "side": "buy",
      "size": "18.22",
      "symbol": "QUILL-USDT",
      "takerOrderId": "674d852f2033a500076f6d0e",
      "time": "1733133615637000000",
      "tradeId": "5899029324511233",
      "type": "match",
      "time_received": "10:00:15.6849"
    },
    {
      "makerOrderId": "674d852f2033a500076f6d0e",
      "price": "1.15",
      "sequence": "5899029329885185",
      "side": "sell",
      "size": "1",
      "symbol": "QUILL-USDT",
      "takerOrderId": "674d852f812d400007e122f4",
      "time": "1733133615654000000",
      "tradeId": "5899029329885185",
      "type": "match",
      "time_received": "10:00:15.7015"
    },
    {
      "makerOrderId": "674d852f2033a500076f6d0e",
      "price": "1.15",
      "sequence": "5899029445752833",
      "side": "sell",
      "size": "1",
      "symbol": "QUILL-USDT",
      "takerOrderId": "674d852fdcdd7b00070d3b1c",
      "time": "1733133615952000000",
      "tradeId": "5899029445752833",
      "type": "match",
      "time_received": "10:00:15.9982"
    },
    {
      "makerOrderId": "674d852f2033a500076f6d0e",
      "price": "1.15",
      "sequence": "5899029486909441",
      "side": "sell",
      "size": "17.67",
      "symbol": "QUILL-USDT",
      "takerOrderId": "674d85309e4e400007babb7f",
      "time": "1733133616094000000",
      "tradeId": "5899029486909441",
      "type": "match",
      "time_received": "10:00:16.1415"
    },
    {
      "makerOrderId": "674d852f2033a500076f6d0e",
      "price": "1.15",
      "sequence": "5899029509060609",
      "side": "sell",
      "size": "117.86",
      "symbol": "QUILL-USDT",
      "takerOrderId": "674d85301adbea0007a6af0b",
      "time": "1733133616177000000",
      "tradeId": "5899029509060609",
      "type": "match",
      "time_received": "10:00:16.2211"
    },
    {
      "makerOrderId": "674d852f2033a500076f6d0e",
      "price": "1.15",
      "sequence": "5899029526886401",
      "side": "sell",
      "size": "1",
      "symbol": "QUILL-USDT",
      "takerOrderId": "674d8530b26bfb0007d1f2d5",
      "time": "1733133616241000000",
      "tradeId": "5899029526886401",
      "type": "match",
      "time_received": "10:00:16.2862"
    },
    {
      "makerOrderId": "674d8530439c100007d48c66",
      "price": "1.2419",
      "sequence": "5899029527148545",
      "side": "buy",
      "size": "5.97",
      "symbol": "QUILL-USDT",
      "takerOrderId": "674d8530b26bfb0007d1f2ae",
      "time": "1733133616242000000",
      "tradeId": "5899029527148545",
      "type": "match",
      "time_received": "10:00:16.2928"
    },
    {
      "makerOrderId": "674d8530f61fa00007603f15",
      "price": "1.236",
      "sequence": "5899029646686209",
      "side": "sell",
      "size": "1",
      "symbol": "QUILL-USDT",
      "takerOrderId": "674d85305a55500007041b60",
      "time": "1733133616576000000",
      "tradeId": "5899029646686209",
      "type": "match",
      "time_received": "10:00:16.6265"
    },
    {
      "makerOrderId": "674d8530f61fa00007603f15",
      "price": "1.236",
      "sequence": "5899029652191233",
      "side": "sell",
      "size": "50.59",
      "symbol": "QUILL-USDT",
      "takerOrderId": "674d8530754b1e0007adfcf1",
      "time": "1733133616590000000",
      "tradeId": "5899029652191233",
      "type": "match",
      "time_received": "10:00:16.6364"
    },
    {
      "makerOrderId": "674d8530f61fa00007603f15",
      "price": "1.236",
      "sequence": "5899029777758209",
      "side": "sell",
      "size": "1",
      "symbol": "QUILL-USDT",
      "takerOrderId": "674d85301adbea0007a6b38f",
      "time": "1733133616883000000",
      "tradeId": "5899029777758209",
      "type": "match",
      "time_received": "10:00:16.9306"
    },
    {
      "makerOrderId": "674d8530f61fa00007603f15",
      "price": "1.236",
      "sequence": "5899029928097793",
      "side": "sell",
      "size": "1",
      "symbol": "QUILL-USDT",
      "takerOrderId": "674d85312033a500076f77dc",
