[
  {
    "price": "0.1",
    "sequence": "5581910645159937",
    "side": "sell",
    "size": "1",
    "symbol": "MIGGLES-USDT",
    "time": "1732269600000000000",
    "tradeId": "5581910645159937",
    "type": "match",
    "time_data_received": "10:00:00.1470"
  },
  {
    "makerOrderId": "67405623ae93cc00078bf139",
    "price": "0.1652",
    "sequence": "5581912998164481",
    "side": "sell",
    "size": "15.09",
    "symbol": "MIGGLES-USDT",
    "takerOrderId": "674056264fe7460007be65fd",
    "time": "1732269606818000000",
    "tradeId": "5581912998164481",
    "type": "match",
    "time_data_received": "10:00:06.8776"
  },
  {
    "makerOrderId": "6740562068486d00074ce58e",
    "price": "0.165",
    "sequence": "5581912998164484",
    "side": "sell",
    "size": "151",
    "symbol": "MIGGLES-USDT",
    "takerOrderId": "674056264fe7460007be65fd",
    "time": "1732269606818000000",
    "tradeId": "5581912998164484",
    "type": "match",
    "time_data_received": "10:00:06.8783"
  },
  {
    "makerOrderId": "674056266967d30007c742a1",
    "price": "0.1632",
    "sequence": "5581912998164487",
    "side": "sell",
    "size": "294.12",
    "symbol": "MIGGLES-USDT",
    "takerOrderId": "674056264fe7460007be65fd",
    "time": "1732269606818000000",
    "tradeId": "5581912998164487",
    "type": "match",
    "time_data_received": "10:00:06.8787"
  },
  {
    "makerOrderId": "67405620c65bf70007f6d60e",
    "price": "0.1605",
    "sequence": "5581912998164490",
    "side": "sell",
    "size": "630",
    "symbol": "MIGGLES-USDT",
    "takerOrderId": "674056264fe7460007be65fd",
    "time": "1732269606818000000",
    "tradeId": "5581912998164490",
    "type": "match",
    "time_data_received": "10:00:06.8789"
  },
  {
    "makerOrderId": "67405620f1bf400007579527",
    "price": "0.16",
    "sequence": "5581912998164493",
    "side": "sell",
    "size": "500",
    "symbol": "MIGGLES-USDT",
    "takerOrderId": "674056264fe7460007be65fd",
    "time": "1732269606818000000",
    "tradeId": "5581912998164493",
    "type": "match",
    "time_data_received": "10:00:06.8790"
  },
  {
    "makerOrderId": "674056204fe7460007be3e36",
    "price": "0.16",
    "sequence": "5581912998164496",
    "side": "sell",
    "size": "120",
    "symbol": "MIGGLES-USDT",
    "takerOrderId": "674056264fe7460007be65fd",
    "time": "1732269606818000000",
    "tradeId": "5581912998164496",
    "type": "match",
    "time_data_received": "10:00:06.8799"
  },
  {
    "makerOrderId": "674056264fe7460007be65fd",
    "price": "0.16",
    "sequence": "5581913050986497",
    "side": "buy",
    "size": "11",
    "symbol": "MIGGLES-USDT",
    "takerOrderId": "67405626c65bf70007f6fe3e",
    "time": "1732269606950000000",
    "tradeId": "5581913050986497",
    "type": "match",
    "time_data_received": "10:00:06.9995"
  },
  {
    "makerOrderId": "674056264fe7460007be65fd",
    "price": "0.16",
    "sequence": "5581913054132225",
    "side": "buy",
    "size": "11",
    "symbol": "MIGGLES-USDT",
    "takerOrderId": "674056260d85530007e294f4",
    "time": "1732269606960000000",
    "tradeId": "5581913054132225",
    "type": "match",
    "time_data_received": "10:00:07.0147"
  },
  {
    "makerOrderId": "6740562e68486d00074d3d74",
    "price": "0.16",
    "sequence": "5581917120247809",
    "side": "sell",
    "size": "3660.4",
    "symbol": "MIGGLES-USDT",
    "takerOrderId": "67405632f15b270007649dd2",
    "time": "1732269618605000000",
    "tradeId": "5581917120247809",
    "type": "match",
    "time_data_received": "10:00:18.6574"
  },
  {
    "makerOrderId": "67405630c5ba7400074c105c",
    "price": "0.16",
    "sequence": "5581917120247812",
    "side": "sell",
    "size": "462.95",
    "symbol": "MIGGLES-USDT",
    "takerOrderId": "67405632f15b270007649dd2",
    "time": "1732269618605000000",
    "tradeId": "5581917120247812",
    "type": "match",
    "time_data_received": "10:00:18.6577"
  },
  {
    "makerOrderId": "67405632cf286a0007030b12",
    "price": "0.16",
    "sequence": "5581917120247815",
    "side": "sell",
    "size": "109.25",
    "symbol": "MIGGLES-USDT",
    "takerOrderId": "67405632f15b270007649dd2",
    "time": "1732269618605000000",
    "tradeId": "5581917120247815",
    "type": "match",
    "time_data_received": "10:00:18.6579"
  },
  {
    "makerOrderId": "67405632f15b270007649dd2",
    "price": "0.16",
    "sequence": "5581917133355009",
    "side": "buy",
    "size": "62.07",
    "symbol": "MIGGLES-USDT",
    "takerOrderId": "674056324fe7460007beb068",
    "time": "1732269618641000000",
    "tradeId": "5581917133355009",
    "type": "match",
    "time_data_received": "10:00:18.6935"
  },
  {
    "makerOrderId": "67405632f15b270007649dd2",
    "price": "0.16",
    "sequence": "5581917141874689",
    "side": "buy",
    "size": "108.89",
    "symbol": "MIGGLES-USDT",
    "takerOrderId": "67405632f1bf400007580730",
    "time": "1732269618673000000",
    "tradeId": "5581917141874689",
    "type": "match",
    "time_data_received": "10:00:18.7213"
  },
  {
    "makerOrderId": "67405632f15b270007649dd2",
    "price": "0.16",
    "sequence": "5581917142005761",
    "side": "buy",
    "size": "108.01",
    "symbol": "MIGGLES-USDT",
    "takerOrderId": "67405632d52cb80007c196fb",
    "time": "1732269618673000000",
    "tradeId": "5581917142005761",
    "type": "match",
    "time_data_received": "10:00:18.7216"
  },
  {
    "makerOrderId": "67405632f15b270007649dd2",
    "price": "0.16",
    "sequence": "5581917143185409",
    "side": "buy",
    "size": "46.75",
    "symbol": "MIGGLES-USDT",
    "takerOrderId": "674056324fe7460007beb096",
    "time": "1732269618680000000",
    "tradeId": "5581917143185409",
    "type": "match",
    "time_data_received": "10:00:18.7322"
  },
  {
    "makerOrderId": "67405632f15b270007649dd2",
    "price": "0.16",
    "sequence": "5581917143971841",
    "side": "buy",
    "size": "108.89",
    "symbol": "MIGGLES-USDT",
    "takerOrderId": "67405632f1bf40000758073e",
    "time": "1732269618681000000",
    "tradeId": "5581917143971841",
    "type": "match",
    "time_data_received": "10:00:18.7325"
  },
  {
    "makerOrderId": "67405632f15b270007649dd2",
    "price": "0.16",
    "sequence": "5581917145675777",
    "side": "buy",
    "size": "16.8",
    "symbol": "MIGGLES-USDT",
    "takerOrderId": "67405632c65bf70007f7475e",
    "time": "1732269618686000000",
    "tradeId": "5581917145675777",
    "type": "match",
    "time_data_received": "10:00:18.7391"
  },
  {
    "makerOrderId": "67405632f15b270007649dd2",
    "price": "0.16",
    "sequence": "5581917147510785",
    "side": "buy",
    "size": "46.51",
    "symbol": "MIGGLES-USDT",
    "takerOrderId": "6740563237061e00070830fd",
    "time": "1732269618697000000",
    "tradeId": "5581917147510785",
    "type": "match",
    "time_data_received": "10:00:18.7466"
  },
  {
    "makerOrderId": "67405632f15b270007649dd2",
    "price": "0.16",
    "sequence": "5581917148428289",
    "side": "buy",
    "size": "208.33",
    "symbol": "MIGGLES-USDT",
    "takerOrderId": "67405632cf286a0007030bf9",
    "time": "1732269618700000000",
    "tradeId": "5581917148428289",
    "type": "match",
    "time_data_received": "10:00:18.7471"
  },
  {
    "makerOrderId": "67405632f15b270007649dd2",
    "price": "0.16",
    "sequence": "5581917148559361",
    "side": "buy",
    "size": "169.19",
    "symbol": "MIGGLES-USDT",
    "takerOrderId": "674056320d85530007e2de13",
    "time": "1732269618700000000",
    "tradeId": "5581917148559361",
    "type": "match",
    "time_data_received": "10:00:18.7484"
  },
  {
    "makerOrderId": "67405632f15b270007649dd2",
    "price": "0.16",
    "sequence": "5581917148690433",
    "side": "buy",
    "size": "165.54",
    "symbol": "MIGGLES-USDT",
    "takerOrderId": "67405632f4a7c500075e46bd",
    "time": "1732269618700000000",
    "tradeId": "5581917148690433",
    "type": "match",
    "time_data_received": "10:00:18.7487"
  },
  {
    "makerOrderId": "67405632f15b270007649dd2",
    "price": "0.16",
    "sequence": "5581917150001153",
    "side": "buy",
    "size": "41.38",
    "symbol": "MIGGLES-USDT",
    "takerOrderId": "6740563268486d00074d5882",
    "time": "1732269618708000000",
    "tradeId": "5581917150001153",
    "type": "match",
    "time_data_received": "10:00:18.7579"
  },
  {
    "makerOrderId": "67405632f15b270007649dd2",
    "price": "0.16",
    "sequence": "5581917150132225",
    "side": "buy",
    "size": "290.38",
    "symbol": "MIGGLES-USDT",
    "takerOrderId": "67405632df6f6e000737c880",
    "time": "1732269618708000000",
    "tradeId": "5581917150132225",
    "type": "match",
    "time_data_received": "10:00:18.7582"
  },
  {
    "makerOrderId": "67405632f15b270007649dd2",
    "price": "0.16",
    "sequence": "5581917151049729",
    "side": "buy",
    "size": "208.33",
    "symbol": "MIGGLES-USDT",
    "takerOrderId": "674056321586c10007628038",
    "time": "1732269618711000000",
    "tradeId": "5581917151049729",
    "type": "match",
    "time_data_received": "10:00:18.7634"
  },
  {
    "makerOrderId": "67405632f15b270007649dd2",
    "price": "0.16",
    "sequence": "5581917151180801",
    "side": "buy",
    "size": "208.33",
    "symbol": "MIGGLES-USDT",
    "takerOrderId": "6740563231d0950007ef137e",
    "time": "1732269618711000000",
    "tradeId": "5581917151180801",
    "type": "match",
    "time_data_received": "10:00:18.7637"
  },
  {
    "makerOrderId": "67405632f15b270007649dd2",
    "price": "0.16",
    "sequence": "5581917151967233",
    "side": "buy",
    "size": "137.06",
    "symbol": "MIGGLES-USDT",
    "takerOrderId": "67405632c65bf70007f74771",
    "time": "1732269618713000000",
    "tradeId": "5581917151967233",
    "type": "match",
    "time_data_received": "10:00:18.7639"
  },
  {
    "makerOrderId": "67405632f15b270007649dd2",
    "price": "0.16",
    "sequence": "5581917152229377",
    "side": "buy",
    "size": "150.65",
    "symbol": "MIGGLES-USDT",
    "takerOrderId": "67405632f4f12000077cbfcb",
    "time": "1732269618713000000",
    "tradeId": "5581917152229377",
    "type": "match",
    "time_data_received": "10:00:18.7872"
  },
  {
    "makerOrderId": "67405632f15b270007649dd2",
    "price": "0.16",
    "sequence": "5581917154719745",
    "side": "buy",
    "size": "555.55",
    "symbol": "MIGGLES-USDT",
    "takerOrderId": "67405632ae93cc00078c4ee4",
    "time": "1732269618727000000",
    "tradeId": "5581917154719745",
    "type": "match",
    "time_data_received": "10:00:18.7874"
  },
  {
    "makerOrderId": "67405632f15b270007649dd2",
    "price": "0.16",
    "sequence": "5581917156685825",
    "side": "buy",
    "size": "138.89",
    "symbol": "MIGGLES-USDT",
    "takerOrderId": "6740563231d0950007ef1399",
    "time": "1732269618733000000",
    "tradeId": "5581917156685825",
    "type": "match",
    "time_data_received": "10:00:18.7891"
  },
  {
    "makerOrderId": "67405632f15b270007649dd2",
    "price": "0.16",
    "sequence": "5581917157472257",
    "side": "buy",
    "size": "112.72",
    "symbol": "MIGGLES-USDT",
    "takerOrderId": "67405632df6f6e000737c899",
    "time": "1732269618737000000",
    "tradeId": "5581917157472257",
    "type": "match",
    "time_data_received": "10:00:18.7894"
  },
  {
    "makerOrderId": "67405632f15b270007649dd2",
    "price": "0.16",
    "sequence": "5581917157996545",
    "side": "buy",
    "size": "290.38",
    "symbol": "MIGGLES-USDT",
    "takerOrderId": "674056320d85530007e2de49",
    "time": "1732269618738000000",
    "tradeId": "5581917157996545",
    "type": "match",
    "time_data_received": "10:00:18.7898"
  },
  {
    "makerOrderId": "67405632f15b270007649dd2",
    "price": "0.16",
    "sequence": "5581917159045121",
    "side": "buy",
    "size": "112.72",
    "symbol": "MIGGLES-USDT",
    "takerOrderId": "6740563237061e0007083132",
    "time": "1732269618742000000",
    "tradeId": "5581917159045121",
    "type": "match",
    "time_data_received": "10:00:18.7912"
  },
  {
    "makerOrderId": "67405632f15b270007649dd2",
    "price": "0.16",
    "sequence": "5581917163763713",
    "side": "buy",
    "size": "135.16",
    "symbol": "MIGGLES-USDT",
    "takerOrderId": "6740563231d0950007ef13c4",
    "time": "1732269618752000000",
    "tradeId": "5581917163763713",
    "type": "match",
    "time_data_received": "10:00:18.8052"
  },
  {
    "makerOrderId": "67405632f15b270007649dd2",
    "price": "0.16",
    "sequence": "5581917164288001",
    "side": "buy",
    "size": "72.8",
    "symbol": "MIGGLES-USDT",
    "takerOrderId": "67405632f15b270007649eba",
    "time": "1732269618754000000",
    "tradeId": "5581917164288001",
    "type": "match",
    "time_data_received": "10:00:18.8054"
  },
  {
    "makerOrderId": "67405632f15b270007649dd2",
    "price": "0.16",
    "sequence": "5581917166385153",
    "side": "buy",
    "size": "232.32",
    "symbol": "MIGGLES-USDT",
    "takerOrderId": "67405632df6f6e000737c8c4",
    "time": "1732269618764000000",
    "tradeId": "5581917166385153",
    "type": "match",
    "time_data_received": "10:00:18.8131"
  },
  {
    "makerOrderId": "67405632f15b270007649dd2",
    "price": "0.16",
    "sequence": "5581917167302657",
    "side": "buy",
    "size": "116.73",
    "symbol": "MIGGLES-USDT",
    "takerOrderId": "67405632b7e21a0007283dd4",
    "time": "1732269618766000000",
    "tradeId": "5581917167302657",
    "type": "match",
    "time_data_received": "10:00:18.8132"
  },
  {
    "makerOrderId": "67405632f15b270007649dd2",
    "price": "0.16",
    "sequence": "5581917167433729",
    "side": "buy",
    "size": "369.69",
    "symbol": "MIGGLES-USDT",
    "takerOrderId": "67405632f1bf4000075807a9",
    "time": "1732269618766000000",
    "tradeId": "5581917167433729",
    "type": "match",
    "time_data_received": "10:00:18.8134"
  },
  {
    "makerOrderId": "67405632f15b270007649dd2",
    "price": "0.16",
    "sequence": "5581917169399809",
    "side": "buy",
    "size": "116.73",
    "symbol": "MIGGLES-USDT",
    "takerOrderId": "67405632f1bf4000075807bd",
    "time": "1732269618770000000",
    "tradeId": "5581917169399809",
    "type": "match",
    "time_data_received": "10:00:18.8283"
  },
  {
    "makerOrderId": "67405632f15b270007649dd2",
    "price": "0.16",
    "sequence": "5581917174511617",
    "side": "buy",
    "size": "115.05",
    "symbol": "MIGGLES-USDT",
    "takerOrderId": "674056326967d30007c78ee7",
    "time": "1732269618789000000",
    "tradeId": "5581917174511617",
    "type": "match",
    "time_data_received": "10:00:18.8408"
  },
  {
    "makerOrderId": "67405632f15b270007649dd2",
    "price": "0.16",
    "sequence": "5581917175691265",
    "side": "buy",
    "size": "115.05",
    "symbol": "MIGGLES-USDT",
    "takerOrderId": "67405632f1bf4000075807e7",
    "time": "1732269618791000000",
    "tradeId": "5581917175691265",
    "type": "match",
    "time_data_received": "10:00:18.8411"
  },
  {
    "makerOrderId": "67405632f15b270007649dd2",
    "price": "0.16",
    "sequence": "5581917179492353",
    "side": "buy",
    "size": "153.93",
    "symbol": "MIGGLES-USDT",
    "takerOrderId": "67405632cf286a0007030c82",
    "time": "1732269618797000000",
    "tradeId": "5581917179492353",
    "type": "match",
    "time_data_received": "10:00:18.8466"
  },
  {
    "makerOrderId": "67405632f15b270007649dd2",
    "price": "0.16",
    "sequence": "5581917179623425",
    "side": "buy",
    "size": "311.3",
    "symbol": "MIGGLES-USDT",
    "takerOrderId": "674056326967d30007c78ef8",
    "time": "1732269618798000000",
    "tradeId": "5581917179623425",
    "type": "match",
    "time_data_received": "10:00:18.8470"
  },
  {
    "makerOrderId": "67405632f15b270007649dd2",
    "price": "0.16",
    "sequence": "5581917183031297",
    "side": "buy",
    "size": "84.74",
    "symbol": "MIGGLES-USDT",
    "takerOrderId": "6740563268486d00074d5915",
    "time": "1732269618807000000",
    "tradeId": "5581917183031297",
    "type": "match",
    "time_data_received": "10:00:18.8559"
  },
  {
    "makerOrderId": "67405632f15b270007649dd2",
    "price": "0.16",
    "sequence": "5581917187749889",
    "side": "buy",
    "size": "220.11",
    "symbol": "MIGGLES-USDT",
    "takerOrderId": "67405632c65bf70007f74815",
    "time": "1732269618815000000",
    "tradeId": "5581917187749889",
    "type": "match",
    "time_data_received": "10:00:18.8646"
  },
  {
    "makerOrderId": "67405634c65bf70007f74eae",
    "price": "0.16",
    "sequence": "5581917832493057",
    "side": "sell",
    "size": "7.73",
    "symbol": "MIGGLES-USDT",
    "takerOrderId": "674056340d85530007e2e8e8",
    "time": "1732269620764000000",
    "tradeId": "5581917832493057",
    "type": "match",
    "time_data_received": "10:00:20.8147"
  },
  {
    "makerOrderId": "674056340d85530007e2e8e8",
    "price": "0.16",
    "sequence": "5581917845993473",
    "side": "buy",
    "size": "215.18",
    "symbol": "MIGGLES-USDT",
    "takerOrderId": "674056346967d30007c799a4",
    "time": "1732269620793000000",
    "tradeId": "5581917845993473",
    "type": "match",
    "time_data_received": "10:00:20.8540"
  },
  {
    "makerOrderId": "674056340d85530007e2e8e8",
    "price": "0.16",
    "sequence": "5581917850843137",
    "side": "buy",
    "size": "360.83",
    "symbol": "MIGGLES-USDT",
    "takerOrderId": "67405634b7e21a0007284915",
    "time": "1732269620805000000",
    "tradeId": "5581917850843137",
    "type": "match",
    "time_data_received": "10:00:20.8656"
  },
  {
    "makerOrderId": "674056340d85530007e2e8e8",
    "price": "0.16",
    "sequence": "5581917859362817",
    "side": "buy",
    "size": "410.45",
    "symbol": "MIGGLES-USDT",
    "takerOrderId": "67405634f4f12000077ccb96",
    "time": "1732269620821000000",
    "tradeId": "5581917859362817",
    "type": "match",
    "time_data_received": "10:00:20.8681"
  },
  {
    "makerOrderId": "674056340d85530007e2e8e8",
    "price": "0.16",
    "sequence": "5581917861328897",
    "side": "buy",
    "size": "875.63",
    "symbol": "MIGGLES-USDT",
    "takerOrderId": "67405634f15b27000764aa38",
    "time": "1732269620828000000",
    "tradeId": "5581917861328897",
    "type": "match",
    "time_data_received": "10:00:20.8781"
  },
  {
    "makerOrderId": "674056340d85530007e2e8e8",
    "price": "0.16",
    "sequence": "5581917863688193",
    "side": "buy",
    "size": "410.45",
    "symbol": "MIGGLES-USDT",
    "takerOrderId": "67405634d52cb80007c1a2a5",
    "time": "1732269620836000000",
    "tradeId": "5581917863688193",
    "type": "match",
    "time_data_received": "10:00:20.8815"
  },
  {
    "makerOrderId": "674056340d85530007e2e8e8",
    "price": "0.16",
    "sequence": "5581917866047489",
    "side": "buy",
    "size": "1435.67",
    "symbol": "MIGGLES-USDT",
    "takerOrderId": "6740563467cdc900070f9704",
    "time": "1732269620844000000",
    "tradeId": "5581917866047489",
    "type": "match",
    "time_data_received": "10:00:20.8973"
  },
  {
    "makerOrderId": "674056340d85530007e2e8e8",
    "price": "0.16",
    "sequence": "5581917867227137",
    "side": "buy",
    "size": "125.88",
    "symbol": "MIGGLES-USDT",
    "takerOrderId": "67405634ae93cc00078c5ab1",
    "time": "1732269620847000000",
    "tradeId": "5581917867227137",
    "type": "match",
    "time_data_received": "10:00:20.8976"
  },
  {
    "makerOrderId": "674056340d85530007e2e8e8",
    "price": "0.16",
    "sequence": "5581917867620353",
    "side": "buy",
    "size": "49.71",
    "symbol": "MIGGLES-USDT",
    "takerOrderId": "67405634f1bf400007581370",
    "time": "1732269620850000000",
    "tradeId": "5581917867620353",
    "type": "match",
    "time_data_received": "10:00:20.8986"
  },
  {
    "makerOrderId": "674056340d85530007e2e8e8",
    "price": "0.16",
    "sequence": "5581917868406785",
    "side": "buy",
    "size": "2259.82",
    "symbol": "MIGGLES-USDT",
    "takerOrderId": "674056341586c10007628c2d",
    "time": "1732269620856000000",
    "tradeId": "5581917868406785",
    "type": "match",
    "time_data_received": "10:00:20.9062"
  },
  {
    "makerOrderId": "674056340d85530007e2e8e8",
    "price": "0.16",
    "sequence": "5581917869979649",
    "side": "buy",
    "size": "2118.86",
    "symbol": "MIGGLES-USDT",
    "takerOrderId": "67405634088f0100076c61de",
    "time": "1732269620857000000",
    "tradeId": "5581917869979649",
    "type": "match",
    "time_data_received": "10:00:20.9064"
  },
  {
    "makerOrderId": "674056340d85530007e2e8e8",
    "price": "0.16",
    "sequence": "5581917870110721",
    "side": "buy",
    "size": "125.86",
    "symbol": "MIGGLES-USDT",
    "takerOrderId": "674056344fe7460007bebc51",
    "time": "1732269620857000000",
    "tradeId": "5581917870110721",
    "type": "match",
    "time_data_received": "10:00:20.9066"
  },
  {
    "makerOrderId": "674056340d85530007e2e8e8",
    "price": "0.16",
    "sequence": "5581917870241793",
    "side": "buy",
    "size": "207.78",
    "symbol": "MIGGLES-USDT",
    "takerOrderId": "67405634b7e21a0007284975",
    "time": "1732269620857000000",
    "tradeId": "5581917870241793",
    "type": "match",
    "time_data_received": "10:00:20.9067"
  },
  {
    "makerOrderId": "674056340d85530007e2e8e8",
    "price": "0.16",
    "sequence": "5581917870372865",
    "side": "buy",
    "size": "3135.62",
    "symbol": "MIGGLES-USDT",
    "takerOrderId": "67405634088f0100076c61e7",
    "time": "1732269620857000000",
    "tradeId": "5581917870372865",
    "type": "match",
    "time_data_received": "10:00:20.9068"
  },
  {
    "makerOrderId": "674056340d85530007e2e8e8",
    "price": "0.16",
    "sequence": "5581917872601089",
    "side": "buy",
    "size": "148.69",
    "symbol": "MIGGLES-USDT",
    "takerOrderId": "674056346967d30007c79a27",
    "time": "1732269620864000000",
    "tradeId": "5581917872601089",
    "type": "match",
    "time_data_received": "10:00:20.9153"
  },
  {
    "makerOrderId": "674056340d85530007e2e8e8",
    "price": "0.16",
    "sequence": "5581917905106945",
    "side": "buy",
    "size": "19.95",
    "symbol": "MIGGLES-USDT",
    "takerOrderId": "6740563437061e0007083d44",
    "time": "1732269620887000000",
    "tradeId": "5581917905106945",
    "type": "match",
    "time_data_received": "10:00:20.9365"
  },
  {
    "makerOrderId": "674056340d85530007e2e8e8",
    "price": "0.16",
    "sequence": "5581917909956609",
    "side": "buy",
    "size": "651.66",
    "symbol": "MIGGLES-USDT",
    "takerOrderId": "674056341586c10007628c88",
    "time": "1732269620895000000",
    "tradeId": "5581917909956609",
    "type": "match",
    "time_data_received": "10:00:20.9474"
  },
  {
    "makerOrderId": "674056340d85530007e2e8e8",
    "price": "0.16",
    "sequence": "5581917937219585",
    "side": "buy",
    "size": "32.24",
    "symbol": "MIGGLES-USDT",
    "takerOrderId": "67405634b7e21a0007284a2e",
    "time": "1732269620975000000",
    "tradeId": "5581917937219585",
    "type": "match",
    "time_data_received": "10:00:21.0227"
  },
  {
    "makerOrderId": "674056340d85530007e2e8e8",
    "price": "0.16",
    "sequence": "5581917946656769",
    "side": "buy",
    "size": "1152.47",
    "symbol": "MIGGLES-USDT",
    "takerOrderId": "67405635f1bf40000758145c",
    "time": "1732269621007000000",
    "tradeId": "5581917946656769",
    "type": "match",
    "time_data_received": "10:00:21.0560"
  },
  {
    "makerOrderId": "674056340d85530007e2e8e8",
    "price": "0.16",
    "sequence": "5581917946918913",
    "side": "buy",
    "size": "504.3",
    "symbol": "MIGGLES-USDT",
    "takerOrderId": "67405635d52cb80007c1a3af",
    "time": "1732269621007000000",
    "tradeId": "5581917946918913",
    "type": "match",
    "time_data_received": "10:00:21.0562"
  },
  {
    "makerOrderId": "674056340d85530007e2e8e8",
    "price": "0.16",
    "sequence": "5581917953079297",
    "side": "buy",
    "size": "192.56",
    "symbol": "MIGGLES-USDT",
    "takerOrderId": "67405635c65bf70007f75425",
    "time": "1732269621017000000",
    "tradeId": "5581917953079297",
    "type": "match",
    "time_data_received": "10:00:21.0684"
  },
  {
    "makerOrderId": "674056340d85530007e2e8e8",
    "price": "0.16",
    "sequence": "5581917955569665",
    "side": "buy",
    "size": "192.56",
    "symbol": "MIGGLES-USDT",
    "takerOrderId": "67405635b7e21a0007284a75",
    "time": "1732269621023000000",
    "tradeId": "5581917955569665",
    "type": "match",
    "time_data_received": "10:00:21.0753"
  },
  {
    "makerOrderId": "674056340d85530007e2e8e8",
    "price": "0.16",
    "sequence": "5581917955700737",
    "side": "buy",
    "size": "504.3",
    "symbol": "MIGGLES-USDT",
    "takerOrderId": "67405635df6f6e000737d4fc",
    "time": "1732269621023000000",
    "tradeId": "5581917955700737",
    "type": "match",
    "time_data_received": "10:00:21.0755"
  },
  {
    "makerOrderId": "674056340d85530007e2e8e8",
    "price": "0.16",
    "sequence": "5581917964220417",
    "side": "buy",
    "size": "230.49",
    "symbol": "MIGGLES-USDT",
    "takerOrderId": "674056350d85530007e2eaf5",
    "time": "1732269621052000000",
    "tradeId": "5581917964220417",
    "type": "match",
    "time_data_received": "10:00:21.1013"
  },
  {
    "makerOrderId": "674056340d85530007e2e8e8",
    "price": "0.16",
    "sequence": "5581917977720833",
    "side": "buy",
    "size": "66.91",
    "symbol": "MIGGLES-USDT",
    "takerOrderId": "67405635f1bf4000075814d4",
    "time": "1732269621088000000",
    "tradeId": "5581917977720833",
    "type": "match",
    "time_data_received": "10:00:21.1409"
  },
  {
    "makerOrderId": "674056340d85530007e2e8e8",
    "price": "0.16",
    "sequence": "5581917982963713",
    "side": "buy",
    "size": "1103.23",
    "symbol": "MIGGLES-USDT",
    "takerOrderId": "67405635f15b27000764abeb",
    "time": "1732269621099000000",
    "tradeId": "5581917982963713",
    "type": "match",
    "time_data_received": "10:00:21.1541"
  },
  {
    "makerOrderId": "674056340d85530007e2e8e8",
    "price": "0.16",
    "sequence": "5581917991614465",
    "side": "buy",
    "size": "1103.23",
    "symbol": "MIGGLES-USDT",
    "takerOrderId": "67405635cf286a000703195b",
    "time": "1732269621118000000",
    "tradeId": "5581917991614465",
    "type": "match",
    "time_data_received": "10:00:21.1660"
  },
  {
    "makerOrderId": "674056340d85530007e2e8e8",
    "price": "0.16",
    "sequence": "5581917996857345",
    "side": "buy",
    "size": "230.5",
    "symbol": "MIGGLES-USDT",
    "takerOrderId": "67405635b7e21a0007284b2d",
    "time": "1732269621128000000",
    "tradeId": "5581917996857345",
    "type": "match",
    "time_data_received": "10:00:21.1791"
  },
  {
    "makerOrderId": "674056340d85530007e2e8e8",
    "price": "0.16",
    "sequence": "5581918016256001",
    "side": "buy",
    "size": "230.5",
    "symbol": "MIGGLES-USDT",
    "takerOrderId": "6740563531d0950007ef2138",
    "time": "1732269621167000000",
    "tradeId": "5581918016256001",
    "type": "match",
    "time_data_received": "10:00:21.2193"
  },
  {
    "makerOrderId": "674056340d85530007e2e8e8",
    "price": "0.16",
    "sequence": "5581918016387073",
    "side": "buy",
    "size": "983.73",
    "symbol": "MIGGLES-USDT",
    "takerOrderId": "67405635f15b27000764ac86",
    "time": "1732269621167000000",
    "tradeId": "5581918016387073",
    "type": "match",
    "time_data_received": "10:00:21.2196"
  },
  {
    "makerOrderId": "6740563637061e0007084733",
    "price": "0.16",
    "sequence": "5581919198263297",
    "side": "sell",
    "size": "7.98",
    "symbol": "MIGGLES-USDT",
    "takerOrderId": "67405639f1bf400007582b1e",
    "time": "1732269625204000000",
    "tradeId": "5581919198263297",
    "type": "match",
    "time_data_received": "10:00:25.2529"
  },
  {
    "makerOrderId": "674056374fe7460007becbf2",
    "price": "0.16",
    "sequence": "5581919198263300",
    "side": "sell",
    "size": "28.32",
    "symbol": "MIGGLES-USDT",
    "takerOrderId": "67405639f1bf400007582b1e",
    "time": "1732269625204000000",
    "tradeId": "5581919198263300",
    "type": "match",
    "time_data_received": "10:00:25.2533"
  },
  {
    "makerOrderId": "67405639f1bf400007582b1e",
    "price": "0.16",
    "sequence": "5581919201540097",
    "side": "buy",
    "size": "186.05",
    "symbol": "MIGGLES-USDT",
    "takerOrderId": "6740563968486d00074d7b9f",
    "time": "1732269625216000000",
    "tradeId": "5581919201540097",
    "type": "match",
    "time_data_received": "10:00:25.2659"
  },
  {
    "makerOrderId": "67405639f1bf400007582b1e",
    "price": "0.16",
    "sequence": "5581919205603329",
    "side": "buy",
    "size": "186.05",
    "symbol": "MIGGLES-USDT",
    "takerOrderId": "6740563937061e00070854cd",
    "time": "1732269625233000000",
    "tradeId": "5581919205603329",
    "type": "match",
    "time_data_received": "10:00:25.2807"
  },
  {
    "makerOrderId": "67405639f1bf400007582b1e",
    "price": "0.16",
    "sequence": "5581919206127617",
    "side": "buy",
    "size": "236.08",
    "symbol": "MIGGLES-USDT",
    "takerOrderId": "67405639c65bf70007f76ad2",
    "time": "1732269625234000000",
    "tradeId": "5581919206127617",
    "type": "match",
    "time_data_received": "10:00:25.2808"
  },
  {
    "makerOrderId": "67405639f1bf400007582b1e",
    "price": "0.16",
    "sequence": "5581919207176193",
    "side": "buy",
    "size": "48.42",
    "symbol": "MIGGLES-USDT",
    "takerOrderId": "67405639ae93cc00078c72d2",
    "time": "1732269625239000000",
    "tradeId": "5581919207176193",
    "type": "match",
    "time_data_received": "10:00:25.2885"
  },
  {
    "makerOrderId": "67405639f1bf400007582b1e",
    "price": "0.16",
    "sequence": "5581919209011201",
    "side": "buy",
    "size": "201.18",
    "symbol": "MIGGLES-USDT",
    "takerOrderId": "6740563937061e00070854e5",
    "time": "1732269625253000000",
    "tradeId": "5581919209011201",
    "type": "match",
    "time_data_received": "10:00:25.2993"
  },
  {
    "makerOrderId": "67405639f1bf400007582b1e",
    "price": "0.16",
    "sequence": "5581919209404417",
    "side": "buy",
    "size": "103.31",
    "symbol": "MIGGLES-USDT",
    "takerOrderId": "67405639df6f6e000737ec17",
    "time": "1732269625254000000",
    "tradeId": "5581919209404417",
    "type": "match",
    "time_data_received": "10:00:25.2997"
  },
  {
    "makerOrderId": "67405639f1bf400007582b1e",
    "price": "0.16",
    "sequence": "5581919209666561",
    "side": "buy",
    "size": "48.42",
    "symbol": "MIGGLES-USDT",
    "takerOrderId": "674056390d85530007e301cd",
    "time": "1732269625257000000",
    "tradeId": "5581919209666561",
    "type": "match",
    "time_data_received": "10:00:25.3082"
  },
  {
    "makerOrderId": "67405639f1bf400007582b1e",
    "price": "0.16",
    "sequence": "5581919212681217",
    "side": "buy",
    "size": "53.63",
    "symbol": "MIGGLES-USDT",
    "takerOrderId": "67405639b7e21a00072861bf",
    "time": "1732269625266000000",
    "tradeId": "5581919212681217",
    "type": "match",
    "time_data_received": "10:00:25.3157"
  },
  {
    "makerOrderId": "67405639f1bf400007582b1e",
    "price": "0.16",
    "sequence": "5581919212943361",
    "side": "buy",
    "size": "1681.32",
    "symbol": "MIGGLES-USDT",
    "takerOrderId": "67405639df6f6e000737ec27",
    "time": "1732269625266000000",
    "tradeId": "5581919212943361",
    "type": "match",
    "time_data_received": "10:00:25.3172"
  },
  {
    "makerOrderId": "67405639f1bf400007582b1e",
    "price": "0.16",
    "sequence": "5581919213467649",
    "side": "buy",
    "size": "422.2",
    "symbol": "MIGGLES-USDT",
    "takerOrderId": "67405639f15b27000764c282",
    "time": "1732269625271000000",
    "tradeId": "5581919213467649",
    "type": "match",
    "time_data_received": "10:00:25.3174"
  },
  {
    "makerOrderId": "67405639f1bf400007582b1e",
    "price": "0.16",
    "sequence": "5581919215040513",
    "side": "buy",
    "size": "84.44",
    "symbol": "MIGGLES-USDT",
    "takerOrderId": "67405639f4f12000077ce3be",
    "time": "1732269625277000000",
    "tradeId": "5581919215040513",
    "type": "match",
    "time_data_received": "10:00:25.3223"
  },
  {
    "makerOrderId": "67405639f1bf400007582b1e",
    "price": "0.16",
    "sequence": "5581919215171585",
    "side": "buy",
    "size": "1765.05",
    "symbol": "MIGGLES-USDT",
    "takerOrderId": "67405639f1bf400007582b9d",
    "time": "1732269625277000000",
    "tradeId": "5581919215171585",
    "type": "match",
    "time_data_received": "10:00:25.3284"
  },
  {
    "makerOrderId": "67405639f1bf400007582b1e",
    "price": "0.16",
    "sequence": "5581919215695873",
    "side": "buy",
    "size": "1086.19",
    "symbol": "MIGGLES-USDT",
    "takerOrderId": "67405639b7e21a00072861d7",
    "time": "1732269625280000000",
    "tradeId": "5581919215695873",
    "type": "match",
    "time_data_received": "10:00:25.3287"
  },
  {
    "makerOrderId": "67405639f1bf400007582b1e",
    "price": "0.16",
    "sequence": "5581919215826945",
    "side": "buy",
    "size": "336.27",
    "symbol": "MIGGLES-USDT",
    "takerOrderId": "67405639b7e21a00072861da",
    "time": "1732269625280000000",
    "tradeId": "5581919215826945",
    "type": "match",
    "time_data_received": "10:00:25.3289"
  },
  {
    "makerOrderId": "67405639f1bf400007582b1e",
    "price": "0.16",
    "sequence": "5581919216744449",
    "side": "buy",
    "size": "1897.99",
    "symbol": "MIGGLES-USDT",
    "takerOrderId": "67405639088f0100076c79a1",
    "time": "1732269625282000000",
    "tradeId": "5581919216744449",
    "type": "match",
    "time_data_received": "10:00:25.3353"
  },
  {
    "makerOrderId": "67405639f1bf400007582b1e",
    "price": "0.16",
    "sequence": "5581919217137665",
    "side": "buy",
    "size": "55.32",
    "symbol": "MIGGLES-USDT",
    "takerOrderId": "67405639d52cb80007c1baf6",
    "time": "1732269625283000000",
    "tradeId": "5581919217137665",
    "type": "match",
    "time_data_received": "10:00:25.3356"
  },
  {
    "makerOrderId": "67405639f1bf400007582b1e",
    "price": "0.16",
    "sequence": "5581919217268737",
    "side": "buy",
    "size": "90.51",
    "symbol": "MIGGLES-USDT",
    "takerOrderId": "67405639f1bf400007582b9f",
    "time": "1732269625283000000",
    "tradeId": "5581919217268737",
    "type": "match",
    "time_data_received": "10:00:25.3357"
  },
  {
    "makerOrderId": "67405639f1bf400007582b1e",
    "price": "0.16",
    "sequence": "5581919218448385",
    "side": "buy",
    "size": "129.13",
    "symbol": "MIGGLES-USDT",
    "takerOrderId": "6740563937061e0007085510",
    "time": "1732269625285000000",
    "tradeId": "5581919218448385",
    "type": "match",
    "time_data_received": "10:00:25.3358"
  },
  {
    "makerOrderId": "67405639f1bf400007582b1e",
    "price": "0.16",
    "sequence": "5581919218841601",
    "side": "buy",
    "size": "1939.96",
    "symbol": "MIGGLES-USDT",
    "takerOrderId": "674056396967d30007c7b288",
    "time": "1732269625288000000",
    "tradeId": "5581919218841601",
    "type": "match",
    "time_data_received": "10:00:25.3359"
  },
  {
    "makerOrderId": "6740563cb7e21a00072873aa",
    "price": "0.1601",
    "sequence": "5581920359954433",
    "side": "sell",
    "size": "15.96",
    "symbol": "MIGGLES-USDT",
    "takerOrderId": "6740563cf4a7c500075e7f72",
    "time": "1732269628835000000",
    "tradeId": "5581920359954433",
    "type": "match",
    "time_data_received": "10:00:28.8883"
  },
  {
    "makerOrderId": "6740563c6967d30007c7c34d",
    "price": "0.16",
    "sequence": "5581920359954436",
    "side": "sell",
    "size": "3933.63",
    "symbol": "MIGGLES-USDT",
    "takerOrderId": "6740563cf4a7c500075e7f72",
    "time": "1732269628835000000",
    "tradeId": "5581920359954436",
    "type": "match",
    "time_data_received": "10:00:28.8885"
  },
  {
    "makerOrderId": "6740563231d0950007ef1470",
    "price": "0.1599",
    "sequence": "5581920359954439",
    "side": "sell",
    "size": "274.41",
    "symbol": "MIGGLES-USDT",
    "takerOrderId": "6740563cf4a7c500075e7f72",
    "time": "1732269628835000000",
    "tradeId": "5581920359954439",
    "type": "match",
    "time_data_received": "10:00:28.8887"
  },
  {
    "makerOrderId": "67405639ae93cc00078c7351",
    "price": "0.1599",
    "sequence": "5581920359954442",
    "side": "sell",
    "size": "5.39",
    "symbol": "MIGGLES-USDT",
    "takerOrderId": "6740563cf4a7c500075e7f72",
    "time": "1732269628835000000",
    "tradeId": "5581920359954442",
    "type": "match",
    "time_data_received": "10:00:28.8888"
  },
  {
    "makerOrderId": "6740563c37061e0007086a94",
    "price": "0.16",
    "sequence": "5581920383416321",
    "side": "buy",
    "size": "260.55",
    "symbol": "MIGGLES-USDT",
    "takerOrderId": "6740563c088f0100076c8fe3",
    "time": "1732269628872000000",
    "tradeId": "5581920383416321",
    "type": "match",
    "time_data_received": "10:00:28.9160"
  },
  {
    "makerOrderId": "6740563c37061e0007086a94",
    "price": "0.16",
    "sequence": "5581920384202753",
    "side": "buy",
    "size": "260.55",
    "symbol": "MIGGLES-USDT",
    "takerOrderId": "6740563cf1bf40000758416a",
    "time": "1732269628873000000",
    "tradeId": "5581920384202753",
    "type": "match",
    "time_data_received": "10:00:28.9263"
  },
  {
    "makerOrderId": "6740563c37061e0007086a94",
    "price": "0.16",
    "sequence": "5581920385251329",
    "side": "buy",
    "size": "260.55",
    "symbol": "MIGGLES-USDT",
    "takerOrderId": "6740563cae93cc00078c88c3",
    "time": "1732269628875000000",
    "tradeId": "5581920385251329",
    "type": "match",
    "time_data_received": "10:00:28.9265"
  },
  {
    "makerOrderId": "6740563c37061e0007086a94",
    "price": "0.16",
    "sequence": "5581920385382401",
    "side": "buy",
    "size": "260.55",
    "symbol": "MIGGLES-USDT",
    "takerOrderId": "6740563cb7e21a00072877cb",
    "time": "1732269628875000000",
    "tradeId": "5581920385382401",
    "type": "match",
    "time_data_received": "10:00:28.9268"
  },
  {
    "makerOrderId": "6740563c37061e0007086a94",
    "price": "0.16",
    "sequence": "5581920415004673",
    "side": "buy",
    "size": "260.55",
    "symbol": "MIGGLES-USDT",
    "takerOrderId": "6740563cd52cb80007c1d092",
    "time": "1732269628888000000",
    "tradeId": "5581920415004673",
    "type": "match",
    "time_data_received": "10:00:28.9409"
  },
  {
    "makerOrderId": "6740563c37061e0007086a94",
    "price": "0.16",
    "sequence": "5581920416315393",
    "side": "buy",
    "size": "260.55",
    "symbol": "MIGGLES-USDT",
    "takerOrderId": "6740563cc5ba7400074c5531",
    "time": "1732269628889000000",
    "tradeId": "5581920416315393",
    "type": "match",
    "time_data_received": "10:00:28.9418"
  },
  {
    "makerOrderId": "6740563c37061e0007086a94",
    "price": "0.16",
    "sequence": "5581920416446465",
    "side": "buy",
    "size": "260.55",
    "symbol": "MIGGLES-USDT",
    "takerOrderId": "6740563cb7e21a00072877fc",
    "time": "1732269628889000000",
    "tradeId": "5581920416446465",
    "type": "match",
    "time_data_received": "10:00:28.9422"
  },
  {
    "makerOrderId": "6740563c37061e0007086a94",
    "price": "0.16",
    "sequence": "5581920416970753",
    "side": "buy",
    "size": "260.55",
    "symbol": "MIGGLES-USDT",
    "takerOrderId": "6740563cb7e21a0007287806",
    "time": "1732269628889000000",
    "tradeId": "5581920416970753",
    "type": "match",
    "time_data_received": "10:00:28.9425"
  },
  {
    "makerOrderId": "6740563c37061e0007086a94",
    "price": "0.16",
    "sequence": "5581920418281473",
    "side": "buy",
    "size": "260.55",
    "symbol": "MIGGLES-USDT",
    "takerOrderId": "6740563cae93cc00078c8900",
    "time": "1732269628892000000",
    "tradeId": "5581920418281473",
    "type": "match",
    "time_data_received": "10:00:28.9433"
  },
  {
    "makerOrderId": "6740563c37061e0007086a94",
    "price": "0.16",
    "sequence": "5581920418674689",
    "side": "buy",
    "size": "260.55",
    "symbol": "MIGGLES-USDT",
    "takerOrderId": "6740563cb7e21a0007287814",
    "time": "1732269628893000000",
    "tradeId": "5581920418674689",
    "type": "match",
    "time_data_received": "10:00:28.9459"
  },
  {
    "makerOrderId": "6740563c37061e0007086a94",
    "price": "0.16",
    "sequence": "5581920420378625",
    "side": "buy",
    "size": "241.45",
    "symbol": "MIGGLES-USDT",
    "takerOrderId": "6740563cf1bf4000075841b8",
    "time": "1732269628895000000",
    "tradeId": "5581920420378625",
    "type": "match",
    "time_data_received": "10:00:28.9462"
  },
  {
    "makerOrderId": "6740563c37061e0007086a94",
    "price": "0.16",
    "sequence": "5581920420509697",
    "side": "buy",
    "size": "174.64",
    "symbol": "MIGGLES-USDT",
    "takerOrderId": "6740563cf15b27000764d897",
    "time": "1732269628895000000",
    "tradeId": "5581920420509697",
    "type": "match",
    "time_data_received": "10:00:28.9465"
  },
  {
    "makerOrderId": "6740563c37061e0007086a94",
    "price": "0.16",
    "sequence": "5581920420640769",
    "side": "buy",
    "size": "212.49",
    "symbol": "MIGGLES-USDT",
    "takerOrderId": "6740563c088f0100076c9033",
    "time": "1732269628895000000",
    "tradeId": "5581920420640769",
    "type": "match",
    "time_data_received": "10:00:28.9471"
  },
  {
    "makerOrderId": "6740563c37061e0007086a94",
    "price": "0.16",
    "sequence": "5581920423262209",
    "side": "buy",
    "size": "260.55",
    "symbol": "MIGGLES-USDT",
    "takerOrderId": "6740563c1586c1000762bad1",
    "time": "1732269628900000000",
    "tradeId": "5581920423262209",
    "type": "match",
    "time_data_received": "10:00:28.9524"
  },
  {
    "makerOrderId": "6740563c37061e0007086a94",
    "price": "0.16",
    "sequence": "5581920424835073",
    "side": "buy",
    "size": "260.55",
    "symbol": "MIGGLES-USDT",
    "takerOrderId": "6740563cdf6f6e00073801d7",
    "time": "1732269628902000000",
    "tradeId": "5581920424835073",
    "type": "match",
    "time_data_received": "10:00:28.9533"
  },
  {
    "makerOrderId": "6740563c37061e0007086a94",
    "price": "0.16",
    "sequence": "5581920436500481",
    "side": "buy",
    "size": "80.37",
    "symbol": "MIGGLES-USDT",
    "takerOrderId": "6740563cb7e21a0007287896",
    "time": "1732269628923000000",
    "tradeId": "5581920436500481",
    "type": "match",
    "time_data_received": "10:00:28.9713"
  },
  {
    "makerOrderId": "6740563c37061e0007086a94",
    "price": "0.16",
    "sequence": "5581920444758017",
    "side": "buy",
    "size": "62.49",
    "symbol": "MIGGLES-USDT",
    "takerOrderId": "6740563ccf286a00070346b8",
    "time": "1732269628941000000",
    "tradeId": "5581920444758017",
    "type": "match",
    "time_data_received": "10:00:28.9915"
  },
  {
    "makerOrderId": "6740563c37061e0007086a94",
    "price": "0.16",
    "sequence": "5581920444889089",
    "side": "buy",
    "size": "196.86",
    "symbol": "MIGGLES-USDT",
    "takerOrderId": "6740563c0d85530007e318a4",
    "time": "1732269628942000000",
    "tradeId": "5581920444889089",
    "type": "match",
    "time_data_received": "10:00:28.9918"
  },
  {
    "makerOrderId": "6740563c37061e0007086a94",
    "price": "0.16",
    "sequence": "5581920445413377",
    "side": "buy",
    "size": "231.18",
    "symbol": "MIGGLES-USDT",
    "takerOrderId": "6740563c67cdc900070fc673",
    "time": "1732269628943000000",
    "tradeId": "5581920445413377",
    "type": "match",
    "time_data_received": "10:00:28.9921"
  },
  {
    "makerOrderId": "6740563c37061e0007086a94",
    "price": "0.16",
    "sequence": "5581920445544449",
    "side": "buy",
    "size": "59.87",
    "symbol": "MIGGLES-USDT",
    "takerOrderId": "6740563c088f0100076c90f9",
    "time": "1732269628943000000",
    "tradeId": "5581920445544449",
    "type": "match",
    "time_data_received": "10:00:28.9932"
  },
  {
    "makerOrderId": "6740563c37061e0007086a94",
    "price": "0.16",
    "sequence": "5581920459175937",
    "side": "buy",
    "size": "146.74",
    "symbol": "MIGGLES-USDT",
    "takerOrderId": "6740563cdf6f6e00073802f0",
    "time": "1732269628973000000",
    "tradeId": "5581920459175937",
    "type": "match",
    "time_data_received": "10:00:29.0233"
  },
  {
    "makerOrderId": "6740563c37061e0007086a94",
    "price": "0.16",
    "sequence": "5581920463108097",
    "side": "buy",
    "size": "3106.32",
    "symbol": "MIGGLES-USDT",
    "takerOrderId": "6740563cf4a7c500075e8209",
    "time": "1732269628983000000",
    "tradeId": "5581920463108097",
    "type": "match",
    "time_data_received": "10:00:29.0350"
  },
  {
    "makerOrderId": "6740563c37061e0007086a94",
    "price": "0.16",
    "sequence": "5581920463239169",
    "side": "buy",
    "size": "553.65",
    "symbol": "MIGGLES-USDT",
    "takerOrderId": "6740563c088f0100076c917b",
    "time": "1732269628983000000",
    "tradeId": "5581920463239169",
    "type": "match",
    "time_data_received": "10:00:29.0359"
  },
  {
    "makerOrderId": "6740563c37061e0007086a94",
    "price": "0.16",
    "sequence": "5581920464943105",
    "side": "buy",
    "size": "463.9",
    "symbol": "MIGGLES-USDT",
    "takerOrderId": "6740563cd52cb80007c1d20c",
    "time": "1732269628987000000",
    "tradeId": "5581920464943105",
    "type": "match",
    "time_data_received": "10:00:29.0369"
  },
  {
    "makerOrderId": "6740563eb7e21a000728847b",
    "price": "0.16",
    "sequence": "5581922649651201",
    "side": "sell",
    "size": "1411.69",
    "symbol": "MIGGLES-USDT",
    "takerOrderId": "67405643f4a7c500075ea3d3",
    "time": "1732269635799000000",
    "tradeId": "5581922649651201",
    "type": "match",
    "time_data_received": "10:00:35.8524"
  },
  {
    "makerOrderId": "67405643f4a7c500075ea3d3",
    "price": "0.16",
    "sequence": "5581922653452289",
    "side": "buy",
    "size": "312.27",
    "symbol": "MIGGLES-USDT",
    "takerOrderId": "67405643df6f6e0007382595",
    "time": "1732269635812000000",
    "tradeId": "5581922653452289",
    "type": "match",
    "time_data_received": "10:00:35.8623"
  },
  {
    "makerOrderId": "67405643f4a7c500075ea3d3",
    "price": "0.16",
    "sequence": "5581922653583361",
    "side": "buy",
    "size": "148.5",
    "symbol": "MIGGLES-USDT",
    "takerOrderId": "67405643f1bf400007586560",
    "time": "1732269635813000000",
    "tradeId": "5581922653583361",
    "type": "match",
    "time_data_received": "10:00:35.8634"
  },
  {
    "makerOrderId": "67405643f4a7c500075ea3d3",
    "price": "0.16",
    "sequence": "5581922657908737",
    "side": "buy",
    "size": "150",
    "symbol": "MIGGLES-USDT",
    "takerOrderId": "67405643c65bf70007f7a583",
    "time": "1732269635824000000",
    "tradeId": "5581922657908737",
    "type": "match",
    "time_data_received": "10:00:35.8727"
  },
  {
    "makerOrderId": "67405643f4a7c500075ea3d3",
    "price": "0.16",
    "sequence": "5581922658039809",
    "side": "buy",
    "size": "150",
    "symbol": "MIGGLES-USDT",
    "takerOrderId": "67405643c65bf70007f7a588",
    "time": "1732269635827000000",
    "tradeId": "5581922658039809",
    "type": "match",
    "time_data_received": "10:00:35.8730"
  },
  {
    "makerOrderId": "67405643f4a7c500075ea3d3",
    "price": "0.16",
    "sequence": "5581922658170881",
    "side": "buy",
    "size": "312.27",
    "symbol": "MIGGLES-USDT",
    "takerOrderId": "67405643cf286a00070369e9",
    "time": "1732269635827000000",
    "tradeId": "5581922658170881",
    "type": "match",
    "time_data_received": "10:00:35.8757"
  },
  {
    "makerOrderId": "67405643f4a7c500075ea3d3",
    "price": "0.16",
    "sequence": "5581922658695169",
    "side": "buy",
    "size": "150",
    "symbol": "MIGGLES-USDT",
    "takerOrderId": "67405643f1bf400007586583",
    "time": "1732269635828000000",
    "tradeId": "5581922658695169",
    "type": "match",
    "time_data_received": "10:00:35.8760"
  },
  {
    "makerOrderId": "67405643f4a7c500075ea3d3",
    "price": "0.16",
    "sequence": "5581922659612673",
    "side": "buy",
    "size": "312.27",
    "symbol": "MIGGLES-USDT",
    "takerOrderId": "6740564367cdc900070fe93a",
    "time": "1732269635830000000",
    "tradeId": "5581922659612673",
    "type": "match",
    "time_data_received": "10:00:35.8847"
  },
  {
    "makerOrderId": "67405643f4a7c500075ea3d3",
    "price": "0.16",
    "sequence": "5581922659743745",
    "side": "buy",
    "size": "150",
    "symbol": "MIGGLES-USDT",
    "takerOrderId": "6740564368486d00074db52c",
    "time": "1732269635830000000",
    "tradeId": "5581922659743745",
    "type": "match",
    "time_data_received": "10:00:35.8855"
  },
  {
    "makerOrderId": "67405643f4a7c500075ea3d3",
    "price": "0.16",
    "sequence": "5581922659874817",
    "side": "buy",
    "size": "150",
    "symbol": "MIGGLES-USDT",
    "takerOrderId": "67405643b7e21a0007289c27",
    "time": "1732269635830000000",
    "tradeId": "5581922659874817",
    "type": "match",
    "time_data_received": "10:00:35.8860"
  },
  {
    "makerOrderId": "67405643f4a7c500075ea3d3",
    "price": "0.16",
    "sequence": "5581922661054465",
    "side": "buy",
    "size": "157.2",
    "symbol": "MIGGLES-USDT",
    "takerOrderId": "674056431586c1000762de64",
    "time": "1732269635832000000",
    "tradeId": "5581922661054465",
    "type": "match",
    "time_data_received": "10:00:35.8863"
  },
  {
    "makerOrderId": "67405643f4a7c500075ea3d3",
    "price": "0.16",
    "sequence": "5581922661185537",
    "side": "buy",
    "size": "150",
    "symbol": "MIGGLES-USDT",
    "takerOrderId": "67405643f1bf400007586587",
    "time": "1732269635832000000",
    "tradeId": "5581922661185537",
    "type": "match",
    "time_data_received": "10:00:35.8865"
  },
  {
    "makerOrderId": "67405643f4a7c500075ea3d3",
    "price": "0.16",
    "sequence": "5581922661316609",
    "side": "buy",
    "size": "312.27",
    "symbol": "MIGGLES-USDT",
    "takerOrderId": "67405643cf286a00070369f9",
    "time": "1732269635832000000",
    "tradeId": "5581922661316609",
    "type": "match",
    "time_data_received": "10:00:35.8867"
  },
  {
    "makerOrderId": "67405643f4a7c500075ea3d3",
    "price": "0.16",
    "sequence": "5581922662103041",
    "side": "buy",
    "size": "320",
    "symbol": "MIGGLES-USDT",
    "takerOrderId": "674056434fe7460007bf0f13",
    "time": "1732269635833000000",
    "tradeId": "5581922662103041",
    "type": "match",
    "time_data_received": "10:00:35.8868"
  },
  {
    "makerOrderId": "67405643f4a7c500075ea3d3",
    "price": "0.16",
    "sequence": "5581922662234113",
    "side": "buy",
    "size": "88.58",
    "symbol": "MIGGLES-USDT",
    "takerOrderId": "67405643f15b27000764fc10",
    "time": "1732269635833000000",
    "tradeId": "5581922662234113",
    "type": "match",
    "time_data_received": "10:00:35.8871"
  },
  {
    "makerOrderId": "67405643f4a7c500075ea3d3",
    "price": "0.16",
    "sequence": "5581922664462337",
    "side": "buy",
    "size": "312.27",
    "symbol": "MIGGLES-USDT",
    "takerOrderId": "67405643f4f12000077d1e2e",
    "time": "1732269635839000000",
    "tradeId": "5581922664462337",
    "type": "match",
    "time_data_received": "10:00:35.8872"
  },
  {
    "makerOrderId": "67405643f4a7c500075ea3d3",
    "price": "0.16",
    "sequence": "5581922664593409",
    "side": "buy",
    "size": "1272.11",
    "symbol": "MIGGLES-USDT",
    "takerOrderId": "674056431586c1000762de73",
    "time": "1732269635839000000",
    "tradeId": "5581922664593409",
    "type": "match",
    "time_data_received": "10:00:35.8874"
  },
  {
    "makerOrderId": "67405643f4a7c500075ea3d3",
    "price": "0.16",
    "sequence": "5581922664724481",
    "side": "buy",
    "size": "2439.42",
    "symbol": "MIGGLES-USDT",
    "takerOrderId": "67405643f15b27000764fc1c",
    "time": "1732269635839000000",
    "tradeId": "5581922664724481",
    "type": "match",
    "time_data_received": "10:00:35.8876"
  },
  {
    "makerOrderId": "67405643f4a7c500075ea3d3",
    "price": "0.16",
    "sequence": "5581922665117697",
    "side": "buy",
    "size": "365.27",
    "symbol": "MIGGLES-USDT",
    "takerOrderId": "6740564368486d00074db540",
    "time": "1732269635840000000",
    "tradeId": "5581922665117697",
    "type": "match",
    "time_data_received": "10:00:35.8879"
  },
  {
    "makerOrderId": "67405643f4a7c500075ea3d3",
    "price": "0.16",
    "sequence": "5581922665248769",
    "side": "buy",
    "size": "53.46",
    "symbol": "MIGGLES-USDT",
    "takerOrderId": "67405643f1bf400007586599",
    "time": "1732269635840000000",
    "tradeId": "5581922665248769",
    "type": "match",
    "time_data_received": "10:00:35.8880"
  },
  {
    "makerOrderId": "67405643f4a7c500075ea3d3",
    "price": "0.16",
    "sequence": "5581922665379841",
    "side": "buy",
    "size": "614.33",
    "symbol": "MIGGLES-USDT",
    "takerOrderId": "6740564337061e0007088f7d",
    "time": "1732269635840000000",
    "tradeId": "5581922665379841",
    "type": "match",
    "time_data_received": "10:00:35.8882"
  },
  {
    "makerOrderId": "6740564368486d00074db596",
    "price": "0.1603",
    "sequence": "5581924036130817",
    "side": "sell",
    "size": "521.33",
    "symbol": "MIGGLES-USDT",
    "takerOrderId": "674056474fe7460007bf2467",
    "time": "1732269639988000000",
    "tradeId": "5581924036130817",
    "type": "match",
    "time_data_received": "10:00:40.0404"
  },
  {
    "makerOrderId": "67405644b7e21a0007289da4",
    "price": "0.1603",
    "sequence": "5581924036130820",
    "side": "sell",
    "size": "265.96",
    "symbol": "MIGGLES-USDT",
    "takerOrderId": "674056474fe7460007bf2467",
    "time": "1732269639988000000",
    "tradeId": "5581924036130820",
    "type": "match",
    "time_data_received": "10:00:40.0405"
  },
  {
    "makerOrderId": "67405643b7e21a0007289c93",
    "price": "0.1602",
    "sequence": "5581924036130823",
    "side": "sell",
    "size": "399.98",
    "symbol": "MIGGLES-USDT",
    "takerOrderId": "674056474fe7460007bf2467",
    "time": "1732269639988000000",
    "tradeId": "5581924036130823",
    "type": "match",
    "time_data_received": "10:00:40.0406"
  },
  {
    "makerOrderId": "67405643f4f12000077d1e75",
    "price": "0.1602",
    "sequence": "5581924036130826",
    "side": "sell",
    "size": "411.32",
    "symbol": "MIGGLES-USDT",
    "takerOrderId": "674056474fe7460007bf2467",
    "time": "1732269639988000000",
    "tradeId": "5581924036130826",
    "type": "match",
    "time_data_received": "10:00:40.0407"
  },
  {
    "makerOrderId": "6740564468486d00074db694",
    "price": "0.1602",
    "sequence": "5581924036130829",
    "side": "sell",
    "size": "89.18",
    "symbol": "MIGGLES-USDT",
    "takerOrderId": "674056474fe7460007bf2467",
    "time": "1732269639988000000",
    "tradeId": "5581924036130829",
    "type": "match",
    "time_data_received": "10:00:40.0408"
  },
  {
    "makerOrderId": "6740564537061e0007089649",
    "price": "0.16",
    "sequence": "5581924036130832",
    "side": "sell",
    "size": "160.61",
    "symbol": "MIGGLES-USDT",
    "takerOrderId": "674056474fe7460007bf2467",
    "time": "1732269639988000000",
    "tradeId": "5581924036130832",
    "type": "match",
    "time_data_received": "10:00:40.0409"
  },
  {
    "makerOrderId": "674056474fe7460007bf2467",
    "price": "0.16",
    "sequence": "5581924040587265",
    "side": "buy",
    "size": "4422.47",
    "symbol": "MIGGLES-USDT",
    "takerOrderId": "67405647f4f12000077d3374",
    "time": "1732269639999000000",
    "tradeId": "5581924040587265",
    "type": "match",
    "time_data_received": "10:00:40.0478"
  },
  {
    "makerOrderId": "674056474fe7460007bf2467",
    "price": "0.16",
    "sequence": "5581924041242625",
    "side": "buy",
    "size": "320.02",
    "symbol": "MIGGLES-USDT",
    "takerOrderId": "67405647c65bf70007f7bade",
    "time": "1732269640001000000",
    "tradeId": "5581924041242625",
    "type": "match",
    "time_data_received": "10:00:40.0480"
  },
  {
    "makerOrderId": "674056474fe7460007bf2467",
    "price": "0.16",
    "sequence": "5581924042291201",
    "side": "buy",
    "size": "73.05",
    "symbol": "MIGGLES-USDT",
    "takerOrderId": "6740564831d0950007ef858e",
    "time": "1732269640005000000",
    "tradeId": "5581924042291201",
    "type": "match",
    "time_data_received": "10:00:40.0540"
  },
  {
    "makerOrderId": "674056474fe7460007bf2467",
    "price": "0.16",
    "sequence": "5581924047271937",
    "side": "buy",
    "size": "150",
    "symbol": "MIGGLES-USDT",
    "takerOrderId": "6740564831d0950007ef859c",
    "time": "1732269640013000000",
    "tradeId": "5581924047271937",
    "type": "match",
    "time_data_received": "10:00:40.0714"
  },
  {
    "makerOrderId": "674056474fe7460007bf2467",
    "price": "0.16",
    "sequence": "5581924047403009",
    "side": "buy",
    "size": "275.02",
    "symbol": "MIGGLES-USDT",
    "takerOrderId": "67405648d52cb80007c209e1",
    "time": "1732269640013000000",
    "tradeId": "5581924047403009",
    "type": "match",
    "time_data_received": "10:00:40.0717"
  },
  {
    "makerOrderId": "674056474fe7460007bf2467",
    "price": "0.16",
    "sequence": "5581924047796225",
    "side": "buy",
    "size": "3115.26",
    "symbol": "MIGGLES-USDT",
    "takerOrderId": "67405648df6f6e0007383b2a",
    "time": "1732269640015000000",
    "tradeId": "5581924047796225",
    "type": "match",
    "time_data_received": "10:00:40.0720"
  },
  {
    "makerOrderId": "674056474fe7460007bf2467",
    "price": "0.16",
    "sequence": "5581924047927297",
    "side": "buy",
    "size": "3289.3",
    "symbol": "MIGGLES-USDT",
    "takerOrderId": "67405648088f0100076cc98d",
    "time": "1732269640015000000",
    "tradeId": "5581924047927297",
    "type": "match",
    "time_data_received": "10:00:40.0726"
  },
  {
    "makerOrderId": "674056474fe7460007bf2467",
    "price": "0.16",
    "sequence": "5581924048058369",
    "side": "buy",
    "size": "147.37",
    "symbol": "MIGGLES-USDT",
    "takerOrderId": "6740564837061e000708a4ab",
    "time": "1732269640015000000",
    "tradeId": "5581924048058369",
    "type": "match",
    "time_data_received": "10:00:40.0727"
  },
  {
    "makerOrderId": "674056474fe7460007bf2467",
    "price": "0.16",
    "sequence": "5581924048189441",
    "side": "buy",
    "size": "4422.47",
    "symbol": "MIGGLES-USDT",
    "takerOrderId": "67405648d52cb80007c209e7",
    "time": "1732269640015000000",
    "tradeId": "5581924048189441",
    "type": "match",
    "time_data_received": "10:00:40.0728"
  },
  {
    "makerOrderId": "674056474fe7460007bf2467",
    "price": "0.16",
    "sequence": "5581924049238017",
    "side": "buy",
    "size": "563.91",
    "symbol": "MIGGLES-USDT",
    "takerOrderId": "674056486967d30007c800d3",
    "time": "1732269640016000000",
    "tradeId": "5581924049238017",
    "type": "match",
    "time_data_received": "10:00:40.0733"
  },
  {
    "makerOrderId": "674056474fe7460007bf2467",
    "price": "0.16",
    "sequence": "5581924049369089",
    "side": "buy",
    "size": "150",
    "symbol": "MIGGLES-USDT",
    "takerOrderId": "674056481586c1000762f3af",
    "time": "1732269640016000000",
    "tradeId": "5581924049369089",
    "type": "match",
    "time_data_received": "10:00:40.0735"
  },
  {
    "makerOrderId": "674056474fe7460007bf2467",
    "price": "0.16",
    "sequence": "5581924050024449",
    "side": "buy",
    "size": "475.66",
    "symbol": "MIGGLES-USDT",
    "takerOrderId": "67405648c65bf70007f7baff",
    "time": "1732269640018000000",
    "tradeId": "5581924050024449",
    "type": "match",
    "time_data_received": "10:00:40.0739"
  },
  {
    "makerOrderId": "674056474fe7460007bf2467",
    "price": "0.16",
    "sequence": "5581924050155521",
    "side": "buy",
    "size": "64.93",
    "symbol": "MIGGLES-USDT",
    "takerOrderId": "67405648f1bf400007587b77",
    "time": "1732269640018000000",
    "tradeId": "5581924050155521",
    "type": "match",
    "time_data_received": "10:00:40.0740"
  },
  {
    "makerOrderId": "674056474fe7460007bf2467",
    "price": "0.16",
    "sequence": "5581924050417665",
    "side": "buy",
    "size": "665.85",
    "symbol": "MIGGLES-USDT",
    "takerOrderId": "674056486967d30007c800df",
    "time": "1732269640019000000",
    "tradeId": "5581924050417665",
    "type": "match",
    "time_data_received": "10:00:40.0759"
  },
  {
    "makerOrderId": "6740564bf1bf400007588f2d",
    "price": "0.16",
    "sequence": "5581927675213825",
    "side": "sell",
    "size": "56.21",
    "symbol": "MIGGLES-USDT",
    "takerOrderId": "67405653d52cb80007c24542",
    "time": "1732269651039000000",
    "tradeId": "5581927675213825",
    "type": "match",
    "time_data_received": "10:00:51.0907"
  },
  {
    "makerOrderId": "67405653d52cb80007c24542",
    "price": "0.16",
    "sequence": "5581927683471361",
    "side": "buy",
    "size": "52.6",
    "symbol": "MIGGLES-USDT",
    "takerOrderId": "67405653088f0100076d058f",
    "time": "1732269651077000000",
    "tradeId": "5581927683471361",
    "type": "match",
    "time_data_received": "10:00:51.1272"
  },
  {
    "makerOrderId": "67405653d52cb80007c24542",
    "price": "0.16",
    "sequence": "5581927687796737",
    "side": "buy",
    "size": "61.67",
    "symbol": "MIGGLES-USDT",
    "takerOrderId": "6740565337061e000708e0e6",
    "time": "1732269651097000000",
    "tradeId": "5581927687796737",
    "type": "match",
    "time_data_received": "10:00:51.1484"
  },
  {
    "makerOrderId": "67405653d52cb80007c24542",
    "price": "0.16",
    "sequence": "5581927691859969",
    "side": "buy",
    "size": "26.44",
    "symbol": "MIGGLES-USDT",
    "takerOrderId": "67405653cf286a000703bb19",
    "time": "1732269651115000000",
    "tradeId": "5581927691859969",
    "type": "match",
    "time_data_received": "10:00:51.1673"
  },
  {
    "makerOrderId": "67405653d52cb80007c24542",
    "price": "0.16",
    "sequence": "5581927693170689",
    "side": "buy",
    "size": "50.94",
    "symbol": "MIGGLES-USDT",
    "takerOrderId": "6740565331d0950007efc1dd",
    "time": "1732269651120000000",
    "tradeId": "5581927693170689",
    "type": "match",
    "time_data_received": "10:00:51.1676"
  },
  {
    "makerOrderId": "67405653d52cb80007c24542",
    "price": "0.16",
    "sequence": "5581927693301761",
    "side": "buy",
    "size": "87.23",
    "symbol": "MIGGLES-USDT",
    "takerOrderId": "67405653df6f6e000738776b",
    "time": "1732269651120000000",
    "tradeId": "5581927693301761",
    "type": "match",
    "time_data_received": "10:00:51.1677"
  },
  {
    "makerOrderId": "67405653d52cb80007c24542",
    "price": "0.16",
    "sequence": "5581927693432833",
    "side": "buy",
    "size": "50.94",
    "symbol": "MIGGLES-USDT",
    "takerOrderId": "67405653df6f6e000738776d",
    "time": "1732269651120000000",
    "tradeId": "5581927693432833",
    "type": "match",
    "time_data_received": "10:00:51.1732"
  },
  {
    "makerOrderId": "67405653d52cb80007c24542",
    "price": "0.16",
    "sequence": "5581927694350337",
    "side": "buy",
    "size": "50.94",
    "symbol": "MIGGLES-USDT",
    "takerOrderId": "6740565331d0950007efc1eb",
    "time": "1732269651128000000",
    "tradeId": "5581927694350337",
    "type": "match",
    "time_data_received": "10:00:51.1766"
  },
  {
    "makerOrderId": "67405653d52cb80007c24542",
    "price": "0.16",
    "sequence": "5581927698544641",
    "side": "buy",
    "size": "61.01",
    "symbol": "MIGGLES-USDT",
    "takerOrderId": "67405653c5ba7400074cc973",
    "time": "1732269651145000000",
    "tradeId": "5581927698544641",
    "type": "match",
    "time_data_received": "10:00:51.1940"
  },
  {
    "makerOrderId": "67405653d52cb80007c24542",
    "price": "0.16",
    "sequence": "5581927704180737",
    "side": "buy",
    "size": "56.19",
    "symbol": "MIGGLES-USDT",
    "takerOrderId": "674056534fe7460007bf60de",
    "time": "1732269651169000000",
    "tradeId": "5581927704180737",
    "type": "match",
    "time_data_received": "10:00:51.2202"
  }
]