{
  "metadata": {
    "symbol": "WOD",
    "channel": "match",
    "start_time": "10:59:30.0000",
    "release_time": "11:00:00.0000",
    "end_time": "11:05:00.0000",
    "total_messages": 627,
    "final_snapshot": {
      "time": "11:05:00.6650",
      "symbol": "WOD-USDT",
      "price_high": "1.2809",
      "price_last": "0.56999",
      "price_low": "0.0425",
      "price_avg": null,
      "volValue_USDT": "67373.57692"
    }
  },
  "data": [
    {
      "price": "0.0425",
      "sequence": "5739865088342017",
      "side": "sell",
      "size": "10",
      "symbol": "WOD-USDT",
      "time": "1732705200000000000",
      "tradeId": "5739865088342017",
      "type": "match",
      "time_received": "11:00:00.0687"
    },
    {
      "makerOrderId": "6746fbb0812d4000071597e9",
      "price": "1",
      "sequence": "5739867934308353",
      "side": "sell",
      "size": "44",
      "symbol": "WOD-USDT",
      "takerOrderId": "6746fbb7812d40000715cfbc",
      "time": "1732705207531000000",
      "tradeId": "5739867934308353",
      "type": "match",
      "time_received": "11:00:07.5780"
    },
    {
      "makerOrderId": "6746fbb02033a50007a3d45a",
      "price": "1",
      "sequence": "5739867934308356",
      "side": "sell",
      "size": "28.4",
      "symbol": "WOD-USDT",
      "takerOrderId": "6746fbb7812d40000715cfbc",
      "time": "1732705207531000000",
      "tradeId": "5739867934308356",
      "type": "match",
      "time_received": "11:00:07.5781"
    },
    {
      "makerOrderId": "6746fbb08b053b0007150fab",
      "price": "1",
      "sequence": "5739867934308359",
      "side": "sell",
      "size": "49.5",
      "symbol": "WOD-USDT",
      "takerOrderId": "6746fbb7812d40000715cfbc",
      "time": "1732705207531000000",
      "tradeId": "5739867934308359",
      "type": "match",
      "time_received": "11:00:07.5783"
    },
    {
      "makerOrderId": "6746fbb08b053b0007151218",
      "price": "1",
      "sequence": "5739867934308362",
      "side": "sell",
      "size": "32.2",
      "symbol": "WOD-USDT",
      "takerOrderId": "6746fbb7812d40000715cfbc",
      "time": "1732705207531000000",
      "tradeId": "5739867934308362",
      "type": "match",
      "time_received": "11:00:07.5784"
    },
    {
      "makerOrderId": "6746fbb0b38d120007a60905",
      "price": "1",
      "sequence": "5739867934308365",
      "side": "sell",
      "size": "19.6",
      "symbol": "WOD-USDT",
      "takerOrderId": "6746fbb7812d40000715cfbc",
      "time": "1732705207531000000",
      "tradeId": "5739867934308365",
      "type": "match",
      "time_received": "11:00:07.5784"
    },
    {
      "makerOrderId": "6746fbb7812d40000715cfbc",
      "price": "1",
      "sequence": "5739868189636609",
      "side": "buy",
      "size": "265.5",
      "symbol": "WOD-USDT",
      "takerOrderId": "6746fbb8ba86a000073ec1a9",
      "time": "1732705208186000000",
      "tradeId": "5739868189636609",
      "type": "match",
      "time_received": "11:00:08.2373"
    },
    {
      "makerOrderId": "6746fbb7812d40000715cfbc",
      "price": "1",
      "sequence": "5739871457654785",
      "side": "buy",
      "size": "299.4",
      "symbol": "WOD-USDT",
      "takerOrderId": "6746fbbfba86a000073ec716",
      "time": "1732705215507000000",
      "tradeId": "5739871457654785",
      "type": "match",
      "time_received": "11:00:15.5583"
    },
    {
      "makerOrderId": "6746fbb7812d40000715cfbc",
      "price": "1",
      "sequence": "5739871813646337",
      "side": "buy",
      "size": "498.6",
      "symbol": "WOD-USDT",
      "takerOrderId": "6746fbc0b38d120007a68259",
      "time": "1732705216168000000",
      "tradeId": "5739871813646337",
      "type": "match",
      "time_received": "11:00:16.2166"
    },
    {
      "makerOrderId": "6746fbb7812d40000715cfbc",
      "price": "1",
      "sequence": "5739871938820097",
      "side": "buy",
      "size": "250",
      "symbol": "WOD-USDT",
      "takerOrderId": "6746fbc033b8f300078d28c2",
      "time": "1732705216498000000",
      "tradeId": "5739871938820097",
      "type": "match",
      "time_received": "11:00:16.5461"
    },
    {
      "makerOrderId": "6746fbb7812d40000715cfbc",
      "price": "1",
      "sequence": "5739872002390017",
      "side": "buy",
      "size": "30.1",
      "symbol": "WOD-USDT",
      "takerOrderId": "6746fbc0754b1e0007e33b99",
      "time": "1732705216667000000",
      "tradeId": "5739872002390017",
      "type": "match",
      "time_received": "11:00:16.7164"
    },
    {
      "makerOrderId": "6746fbb7812d40000715cfbc",
      "price": "1",
      "sequence": "5739872124942337",
      "side": "buy",
      "size": "250",
      "symbol": "WOD-USDT",
      "takerOrderId": "6746fbc0a69a4c0007826d9a",
      "time": "1732705216908000000",
      "tradeId": "5739872124942337",
      "type": "match",
      "time_received": "11:00:16.9572"
    },
    {
      "makerOrderId": "6746fbb7812d40000715cfbc",
      "price": "1",
      "sequence": "5739872242120705",
      "side": "buy",
      "size": "250",
      "symbol": "WOD-USDT",
      "takerOrderId": "6746fbc114a8920007b36a46",
      "time": "1732705217253000000",
      "tradeId": "5739872242120705",
      "type": "match",
      "time_received": "11:00:17.2986"
    },
    {
      "makerOrderId": "6746fbb7812d40000715cfbc",
      "price": "1",
      "sequence": "5739872331380737",
      "side": "buy",
      "size": "30.5",
      "symbol": "WOD-USDT",
      "takerOrderId": "6746fbc1439c100007095bec",
      "time": "1732705217528000000",
      "tradeId": "5739872331380737",
      "type": "match",
      "time_received": "11:00:17.5776"
    },
    {
      "makerOrderId": "6746fbb7812d40000715cfbc",
      "price": "1",
      "sequence": "5739872480278529",
      "side": "buy",
      "size": "682",
      "symbol": "WOD-USDT",
      "takerOrderId": "6746fbc1812d4000071622ee",
      "time": "1732705217916000000",
      "tradeId": "5739872480278529",
      "type": "match",
      "time_received": "11:00:17.9665"
    },
    {
      "makerOrderId": "6746fbb7812d40000715cfbc",
      "price": "1",
      "sequence": "5739872689076225",
      "side": "buy",
      "size": "96.2",
      "symbol": "WOD-USDT",
      "takerOrderId": "6746fbc2e21c740007bd9c1b",
      "time": "1732705218530000000",
      "tradeId": "5739872689076225",
      "type": "match",
      "time_received": "11:00:18.5765"
    },
    {
      "makerOrderId": "6746fbb7812d40000715cfbc",
      "price": "1",
      "sequence": "5739872741898241",
      "side": "buy",
      "size": "49.9",
      "symbol": "WOD-USDT",
      "takerOrderId": "6746fbc28b053b0007159d0a",
      "time": "1732705218695000000",
      "tradeId": "5739872741898241",
      "type": "match",
      "time_received": "11:00:18.7421"
    },
    {
      "makerOrderId": "6746fbb7812d40000715cfbc",
      "price": "1",
      "sequence": "5739872756709377",
      "side": "buy",
      "size": "96.2",
      "symbol": "WOD-USDT",
      "takerOrderId": "6746fbc21adbea0007dbc6f8",
      "time": "1732705218747000000",
      "tradeId": "5739872756709377",
      "type": "match",
      "time_received": "11:00:18.7966"
    },
    {
      "makerOrderId": "6746fbb7812d40000715cfbc",
      "price": "1",
      "sequence": "5739872775845889",
      "side": "buy",
      "size": "49.8",
      "symbol": "WOD-USDT",
      "takerOrderId": "6746fbc2b38d120007a694c0",
      "time": "1732705218815000000",
      "tradeId": "5739872775845889",
      "type": "match",
      "time_received": "11:00:18.8646"
    },
    {
      "makerOrderId": "6746fbb7812d40000715cfbc",
      "price": "1",
      "sequence": "5739872843479043",
      "side": "buy",
      "size": "49.8",
      "symbol": "WOD-USDT",
      "takerOrderId": "6746fbc2812d400007162a16",
      "time": "1732705218967000000",
      "tradeId": "5739872843479043",
      "type": "match",
      "time_received": "11:00:19.0161"
    },
    {
      "makerOrderId": "6746fbb7812d40000715cfbc",
      "price": "1",
      "sequence": "5739873269594113",
      "side": "buy",
      "size": "250",
      "symbol": "WOD-USDT",
      "takerOrderId": "6746fbc4f61fa00007956331",
      "time": "1732705220233000000",
      "tradeId": "5739873269594113",
      "type": "match",
      "time_received": "11:00:20.2822"
    },
    {
      "makerOrderId": "6746fbb7812d40000715cfbc",
      "price": "1",
      "sequence": "5739873798731777",
      "side": "buy",
      "size": "10",
      "symbol": "WOD-USDT",
      "takerOrderId": "6746fbc514a8920007b38835",
      "time": "1732705221608000000",
      "tradeId": "5739873798731777",
      "type": "match",
      "time_received": "11:00:21.6596"
    },
    {
      "makerOrderId": "6746fbb7812d40000715cfbc",
      "price": "1",
      "sequence": "5739873829664769",
      "side": "buy",
      "size": "250",
      "symbol": "WOD-USDT",
      "takerOrderId": "6746fbc58b053b000715b181",
      "time": "1732705221680000000",
      "tradeId": "5739873829664769",
      "type": "match",
      "time_received": "11:00:21.7298"
    },
    {
      "makerOrderId": "6746fbb7812d40000715cfbc",
      "price": "1",
      "sequence": "5739874013952001",
      "side": "buy",
      "size": "50",
      "symbol": "WOD-USDT",
      "takerOrderId": "6746fbc68b053b000715b4a5",
      "time": "1732705222131000000",
      "tradeId": "5739874013952001",
      "type": "match",
      "time_received": "11:00:22.1814"
    },
    {
      "makerOrderId": "6746fbb7812d40000715cfbc",
      "price": "1",
      "sequence": "5739874151708673",
      "side": "buy",
      "size": "976.8",
      "symbol": "WOD-USDT",
      "takerOrderId": "6746fbc6eaedf50007c78237",
      "time": "1732705222548000000",
      "tradeId": "5739874151708673",
      "type": "match",
      "time_received": "11:00:22.5989"
    },
    {
      "makerOrderId": "6746fbb7812d40000715cfbc",
      "price": "1",
      "sequence": "5739874391570433",
      "side": "buy",
      "size": "250",
      "symbol": "WOD-USDT",
      "takerOrderId": "6746fbc7439c1000070981cd",
      "time": "1732705223138000000",
      "tradeId": "5739874391570433",
      "type": "match",
      "time_received": "11:00:23.1948"
    },
    {
      "makerOrderId": "6746fbb71adbea0007db6eb9",
      "price": "1.00001",
      "sequence": "5739874585688065",
      "side": "buy",
      "size": "24.9",
      "symbol": "WOD-USDT",
      "takerOrderId": "6746fbc7e21c740007bdbe82",
      "time": "1732705223719000000",
      "tradeId": "5739874585688065",
      "type": "match",
      "time_received": "11:00:23.7675"
    },
    {
      "makerOrderId": "6746fbb71adbea0007db6eb9",
      "price": "1.00001",
      "sequence": "5739874608625665",
      "side": "buy",
      "size": "3.5",
      "symbol": "WOD-USDT",
      "takerOrderId": "6746fbc733b8f300078d59bc",
      "time": "1732705223793000000",
      "tradeId": "5739874608625665",
      "type": "match",
      "time_received": "11:00:23.8433"
    },
    {
      "makerOrderId": "6746fbb75e5d4c00074eb1cd",
      "price": "1.00001",
      "sequence": "5739874608625668",
      "side": "buy",
      "size": "32.2",
      "symbol": "WOD-USDT",
      "takerOrderId": "6746fbc733b8f300078d59bc",
      "time": "1732705223793000000",
      "tradeId": "5739874608625668",
      "type": "match",
      "time_received": "11:00:23.8434"
    },
    {
      "makerOrderId": "6746fbc533b8f300078d4ce0",
      "price": "1.0083",
      "sequence": "5739874696312833",
      "side": "buy",
      "size": "19.6",
      "symbol": "WOD-USDT",
      "takerOrderId": "6746fbc79e4e400007f0c847",
      "time": "1732705223970000000",
      "tradeId": "5739874696312833",
      "type": "match",
      "time_received": "11:00:24.0198"
    },
    {
      "makerOrderId": "6746fbc5754b1e0007e35eb4",
      "price": "1.01499",
      "sequence": "5739874891085827",
      "side": "buy",
      "size": "24.6",
      "symbol": "WOD-USDT",
      "takerOrderId": "6746fbc8ef434f0007c06623",
      "time": "1732705224568000000",
      "tradeId": "5739874891085827",
      "type": "match",
      "time_received": "11:00:24.6143"
    },
    {
      "makerOrderId": "6746fbc8633e9100075179ca",
      "price": "1.15713",
      "sequence": "5739875284170753",
      "side": "buy",
      "size": "80.9",
      "symbol": "WOD-USDT",
      "takerOrderId": "6746fbc933b8f300078d64f9",
      "time": "1732705225804000000",
      "tradeId": "5739875284170753",
      "type": "match",
      "time_received": "11:00:25.8523"
    },
    {
      "makerOrderId": "6746fbcb725fc60007332bf8",
      "price": "1.062",
      "sequence": "5739876323178497",
      "side": "sell",
      "size": "53.6",
      "symbol": "WOD-USDT",
      "takerOrderId": "6746fbcc725fc60007332dcb",
      "time": "1732705228302000000",
      "tradeId": "5739876323178497",
      "type": "match",
      "time_received": "11:00:28.3550"
    },
    {
      "makerOrderId": "6746fbcce21c740007bddd31",
      "price": "1.062",
      "sequence": "5739876323178500",
      "side": "sell",
      "size": "18.5",
      "symbol": "WOD-USDT",
      "takerOrderId": "6746fbcc725fc60007332dcb",
      "time": "1732705228302000000",
      "tradeId": "5739876323178500",
      "type": "match",
      "time_received": "11:00:28.3552"
    },
    {
      "makerOrderId": "6746fbcc754b1e0007e389b9",
      "price": "1.062",
      "sequence": "5739876323178503",
      "side": "sell",
      "size": "28",
      "symbol": "WOD-USDT",
      "takerOrderId": "6746fbcc725fc60007332dcb",
      "time": "1732705228302000000",
      "tradeId": "5739876323178503",
      "type": "match",
      "time_received": "11:00:28.3553"
    },
    {
      "makerOrderId": "6746fbcce21c740007bddd3a",
      "price": "1.062",
      "sequence": "5739876323178506",
      "side": "sell",
      "size": "26.6",
      "symbol": "WOD-USDT",
      "takerOrderId": "6746fbcc725fc60007332dcb",
      "time": "1732705228302000000",
      "tradeId": "5739876323178506",
      "type": "match",
      "time_received": "11:00:28.3553"
    },
    {
      "makerOrderId": "6746fbcceaedf50007c7a765",
      "price": "1.062",
      "sequence": "5739876323178509",
      "side": "sell",
      "size": "30.2",
      "symbol": "WOD-USDT",
      "takerOrderId": "6746fbcc725fc60007332dcb",
      "time": "1732705228302000000",
      "tradeId": "5739876323178509",
      "type": "match",
      "time_received": "11:00:28.3553"
    },
    {
      "makerOrderId": "6746fbcb725fc60007332931",
      "price": "1.05798",
      "sequence": "5739876323178512",
      "side": "sell",
      "size": "472.5",
      "symbol": "WOD-USDT",
      "takerOrderId": "6746fbcc725fc60007332dcb",
      "time": "1732705228302000000",
      "tradeId": "5739876323178512",
      "type": "match",
      "time_received": "11:00:28.3556"
    },
    {
      "makerOrderId": "6746fbcb725fc60007332b88",
      "price": "1.056",
      "sequence": "5739876323178515",
      "side": "sell",
      "size": "53.9",
      "symbol": "WOD-USDT",
      "takerOrderId": "6746fbcc725fc60007332dcb",
      "time": "1732705228302000000",
      "tradeId": "5739876323178515",
      "type": "match",
      "time_received": "11:00:28.3557"
    },
    {
      "makerOrderId": "6746fbcb812d400007166572",
      "price": "1.054",
      "sequence": "5739876323178518",
      "side": "sell",
      "size": "54",
      "symbol": "WOD-USDT",
      "takerOrderId": "6746fbcc725fc60007332dcb",
      "time": "1732705228302000000",
      "tradeId": "5739876323178518",
      "type": "match",
      "time_received": "11:00:28.3557"
    },
    {
      "makerOrderId": "6746fbca33b8f300078d6ff2",
      "price": "1.037",
      "sequence": "5739876323178521",
      "side": "sell",
      "size": "54.9",
      "symbol": "WOD-USDT",
      "takerOrderId": "6746fbcc725fc60007332dcb",
      "time": "1732705228302000000",
      "tradeId": "5739876323178521",
      "type": "match",
      "time_received": "11:00:28.3558"
    },
    {
      "makerOrderId": "6746fbcaf61fa00007959052",
      "price": "1.02719",
      "sequence": "5739876323178524",
      "side": "sell",
      "size": "48.6",
      "symbol": "WOD-USDT",
      "takerOrderId": "6746fbcc725fc60007332dcb",
      "time": "1732705228302000000",
      "tradeId": "5739876323178524",
      "type": "match",
      "time_received": "11:00:28.3558"
    },
    {
      "makerOrderId": "6746fbcaf61fa00007958f24",
      "price": "1.0242",
      "sequence": "5739876323178527",
      "side": "sell",
      "size": "24.4",
      "symbol": "WOD-USDT",
      "takerOrderId": "6746fbcc725fc60007332dcb",
      "time": "1732705228302000000",
      "tradeId": "5739876323178527",
      "type": "match",
      "time_received": "11:00:28.4228"
    },
    {
      "makerOrderId": "6746fbcab6d5080007dcbaf6",
      "price": "1.01843",
      "sequence": "5739876323178530",
      "side": "sell",
      "size": "36.6",
      "symbol": "WOD-USDT",
      "takerOrderId": "6746fbcc725fc60007332dcb",
      "time": "1732705228302000000",
      "tradeId": "5739876323178530",
      "type": "match",
      "time_received": "11:00:28.4229"
    },
    {
      "makerOrderId": "6746fbcb754b1e0007e383b0",
      "price": "1.01501",
      "sequence": "5739876323178533",
      "side": "sell",
      "size": "79.9",
      "symbol": "WOD-USDT",
      "takerOrderId": "6746fbcc725fc60007332dcb",
      "time": "1732705228302000000",
      "tradeId": "5739876323178533",
      "type": "match",
      "time_received": "11:00:28.4229"
    },
    {
      "makerOrderId": "6746fbc91adbea0007dbf076",
      "price": "1.0092",
      "sequence": "5739876323178536",
      "side": "sell",
      "size": "99",
      "symbol": "WOD-USDT",
      "takerOrderId": "6746fbcc725fc60007332dcb",
      "time": "1732705228302000000",
      "tradeId": "5739876323178536",
      "type": "match",
      "time_received": "11:00:28.4230"
    },
    {
      "makerOrderId": "6746fbcae21c740007bdcbf4",
      "price": "1.0039",
      "sequence": "5739876323178539",
      "side": "sell",
      "size": "45.8",
      "symbol": "WOD-USDT",
      "takerOrderId": "6746fbcc725fc60007332dcb",
      "time": "1732705228302000000",
      "tradeId": "5739876323178539",
      "type": "match",
      "time_received": "11:00:28.4230"
    },
    {
      "makerOrderId": "6746fbca439c100007099313",
      "price": "1.0039",
      "sequence": "5739876323178542",
      "side": "sell",
      "size": "45.8",
      "symbol": "WOD-USDT",
      "takerOrderId": "6746fbcc725fc60007332dcb",
      "time": "1732705228302000000",
      "tradeId": "5739876323178542",
      "type": "match",
      "time_received": "11:00:28.4230"
    },
    {
      "makerOrderId": "6746fbcadcdd7b000743004b",
      "price": "1.0039",
      "sequence": "5739876323178545",
      "side": "sell",
      "size": "45.8",
      "symbol": "WOD-USDT",
      "takerOrderId": "6746fbcc725fc60007332dcb",
      "time": "1732705228302000000",
      "tradeId": "5739876323178545",
      "type": "match",
      "time_received": "11:00:28.4231"
    },
    {
      "makerOrderId": "6746fbc8b26bfb000707c402",
      "price": "1",
      "sequence": "5739876323178548",
      "side": "sell",
      "size": "157.4",
      "symbol": "WOD-USDT",
      "takerOrderId": "6746fbcc725fc60007332dcb",
      "time": "1732705228302000000",
      "tradeId": "5739876323178548",
      "type": "match",
      "time_received": "11:00:28.4231"
    },
    {
      "makerOrderId": "6746fbc833b8f300078d5d33",
      "price": "1",
      "sequence": "5739876323178551",
      "side": "sell",
      "size": "28.2",
      "symbol": "WOD-USDT",
      "takerOrderId": "6746fbcc725fc60007332dcb",
      "time": "1732705228302000000",
      "tradeId": "5739876323178551",
      "type": "match",
      "time_received": "11:00:28.4231"
    },
    {
      "makerOrderId": "6746fbc8812d400007165131",
      "price": "1",
      "sequence": "5739876323178554",
      "side": "sell",
      "size": "23.1",
      "symbol": "WOD-USDT",
      "takerOrderId": "6746fbcc725fc60007332dcb",
      "time": "1732705228302000000",
      "tradeId": "5739876323178554",
      "type": "match",
      "time_received": "11:00:28.4231"
    },
    {
      "makerOrderId": "6746fbc9b6d5080007dcaf7c",
      "price": "1",
      "sequence": "5739876323178557",
      "side": "sell",
      "size": "631.2",
      "symbol": "WOD-USDT",
      "takerOrderId": "6746fbcc725fc60007332dcb",
      "time": "1732705228302000000",
      "tradeId": "5739876323178557",
      "type": "match",
      "time_received": "11:00:28.4232"
    },
    {
      "makerOrderId": "6746fbcae21c740007bdd167",
      "price": "1",
      "sequence": "5739876323178560",
      "side": "sell",
      "size": "717.3",
      "symbol": "WOD-USDT",
      "takerOrderId": "6746fbcc725fc60007332dcb",
      "time": "1732705228302000000",
      "tradeId": "5739876323178560",
      "type": "match",
      "time_received": "11:00:28.4232"
    },
    {
      "makerOrderId": "6746fbcbb6d5080007dcc074",
      "price": "1",
      "sequence": "5739876323178563",
      "side": "sell",
      "size": "20",
      "symbol": "WOD-USDT",
      "takerOrderId": "6746fbcc725fc60007332dcb",
      "time": "1732705228302000000",
      "tradeId": "5739876323178563",
      "type": "match",
      "time_received": "11:00:28.4232"
    },
    {
      "makerOrderId": "6746fbcbba86a000073ecf95",
      "price": "0.9995",
      "sequence": "5739876323178566",
      "side": "sell",
      "size": "918.8",
      "symbol": "WOD-USDT",
      "takerOrderId": "6746fbcc725fc60007332dcb",
      "time": "1732705228302000000",
      "tradeId": "5739876323178566",
      "type": "match",
      "time_received": "11:00:28.4233"
    },
    {
      "makerOrderId": "6746fbc1ba86a000073ec8c2",
      "price": "0.95985",
      "sequence": "5739876323178569",
      "side": "sell",
      "size": "67.7",
      "symbol": "WOD-USDT",
      "takerOrderId": "6746fbcc725fc60007332dcb",
      "time": "1732705228302000000",
      "tradeId": "5739876323178569",
      "type": "match",
      "time_received": "11:00:28.4233"
    },
    {
      "makerOrderId": "6746fbcc725fc60007332dcb",
      "price": "0.9",
      "sequence": "5739876327634945",
      "side": "buy",
      "size": "58.5",
      "symbol": "WOD-USDT",
      "takerOrderId": "6746fbcc633e910007517cc8",
      "time": "1732705228316000000",
      "tradeId": "5739876327634945",
      "type": "match",
      "time_received": "11:00:28.4234"
    },
    {
      "makerOrderId": "6746fbcde21c740007bde3fc",
      "price": "0.60952",
      "sequence": "5739876791629825",
      "side": "sell",
      "size": "20.4",
      "symbol": "WOD-USDT",
      "takerOrderId": "6746fbcd633e910007517d67",
      "time": "1732705229581000000",
      "tradeId": "5739876791629825",
      "type": "match",
      "time_received": "11:00:29.6279"
    },
    {
      "makerOrderId": "6746fbcd439c10000709aac5",
      "price": "0.60952",
      "sequence": "5739876791629828",
      "side": "sell",
      "size": "20.4",
      "symbol": "WOD-USDT",
      "takerOrderId": "6746fbcd633e910007517d67",
      "time": "1732705229581000000",
      "tradeId": "5739876791629828",
      "type": "match",
      "time_received": "11:00:29.6279"
    },
    {
      "makerOrderId": "6746fbcd812d400007166fe5",
      "price": "0.60952",
      "sequence": "5739876791629831",
      "side": "sell",
      "size": "17.7",
      "symbol": "WOD-USDT",
      "takerOrderId": "6746fbcd633e910007517d67",
      "time": "1732705229581000000",
      "tradeId": "5739876791629831",
      "type": "match",
      "time_received": "11:00:29.6280"
    },
    {
      "makerOrderId": "6746fbcfa69a4c000782cb6a",
      "price": "0.7776",
      "sequence": "5739877601916929",
      "side": "buy",
      "size": "24.4",
      "symbol": "WOD-USDT",
      "takerOrderId": "6746fbcf5a555000073a46e3",
      "time": "1732705231686000000",
      "tradeId": "5739877601916929",
      "type": "match",
      "time_received": "11:00:31.7353"
    },
    {
      "makerOrderId": "6746fbcfa69a4c000782ccd1",
      "price": "0.7776",
      "sequence": "5739877601916932",
      "side": "buy",
      "size": "26.6",
      "symbol": "WOD-USDT",
      "takerOrderId": "6746fbcf5a555000073a46e3",
      "time": "1732705231686000000",
      "tradeId": "5739877601916932",
      "type": "match",
      "time_received": "11:00:31.7354"
    },
    {
      "makerOrderId": "6746fbcfa69a4c000782ccd2",
      "price": "0.7776",
      "sequence": "5739877601916935",
      "side": "buy",
      "size": "30.2",
      "symbol": "WOD-USDT",
      "takerOrderId": "6746fbcf5a555000073a46e3",
      "time": "1732705231686000000",
      "tradeId": "5739877601916935",
      "type": "match",
      "time_received": "11:00:31.7355"
    },
    {
      "makerOrderId": "6746fbcfef434f0007c0934c",
      "price": "0.77761",
      "sequence": "5739877601916938",
      "side": "buy",
      "size": "52.9",
      "symbol": "WOD-USDT",
      "takerOrderId": "6746fbcf5a555000073a46e3",
      "time": "1732705231686000000",
      "tradeId": "5739877601916938",
      "type": "match",
      "time_received": "11:00:31.7355"
    },
    {
      "makerOrderId": "6746fbcf439c10000709b6f7",
      "price": "0.77761",
      "sequence": "5739877601916941",
      "side": "buy",
      "size": "18.5",
      "symbol": "WOD-USDT",
      "takerOrderId": "6746fbcf5a555000073a46e3",
      "time": "1732705231686000000",
      "tradeId": "5739877601916941",
      "type": "match",
      "time_received": "11:00:31.7356"
    },
    {
      "makerOrderId": "6746fbcc725fc60007332dcb",
      "price": "0.9",
      "sequence": "5739877633243137",
      "side": "buy",
      "size": "282.1",
      "symbol": "WOD-USDT",
      "takerOrderId": "6746fbcff61fa0000795adc2",
      "time": "1732705231769000000",
      "tradeId": "5739877633243137",
      "type": "match",
      "time_received": "11:00:31.8206"
    },
    {
      "makerOrderId": "6746fbcf5a555000073a46e3",
      "price": "0.89997",
      "sequence": "5739877654738945",
      "side": "sell",
      "size": "36.6",
      "symbol": "WOD-USDT",
      "takerOrderId": "6746fbcf2033a50007a4b72e",
      "time": "1732705231825000000",
      "tradeId": "5739877654738945",
      "type": "match",
      "time_received": "11:00:31.8742"
    },
    {
      "makerOrderId": "6746fbcf5a555000073a46e3",
      "price": "0.89997",
      "sequence": "5739878097762305",
      "side": "sell",
      "size": "192.4",
      "symbol": "WOD-USDT",
      "takerOrderId": "6746fbd0dcdd7b0007432d6c",
      "time": "1732705232823000000",
      "tradeId": "5739878097762305",
      "type": "match",
      "time_received": "11:00:32.8723"
    },
    {
      "makerOrderId": "6746fbd033b8f300078d942c",
      "price": "0.89999",
      "sequence": "5739878239451137",
      "side": "buy",
      "size": "55.6",
      "symbol": "WOD-USDT",
      "takerOrderId": "6746fbd1b6d5080007dce266",
      "time": "1732705233210000000",
      "tradeId": "5739878239451137",
      "type": "match",
      "time_received": "11:00:33.2584"
    },
    {
      "makerOrderId": "6746fbd08b053b000715f9ca",
      "price": "0.89999",
      "sequence": "5739878239451140",
      "side": "buy",
      "size": "55.6",
      "symbol": "WOD-USDT",
      "takerOrderId": "6746fbd1b6d5080007dce266",
      "time": "1732705233210000000",
      "tradeId": "5739878239451140",
      "type": "match",
      "time_received": "11:00:33.2585"
    },
    {
      "makerOrderId": "6746fbd0eaedf50007c7c388",
      "price": "0.89999",
      "sequence": "5739878239451143",
      "side": "buy",
      "size": "55.6",
      "symbol": "WOD-USDT",
      "takerOrderId": "6746fbd1b6d5080007dce266",
      "time": "1732705233210000000",
      "tradeId": "5739878239451143",
      "type": "match",
      "time_received": "11:00:33.2586"
    },
    {
      "makerOrderId": "6746fbcc725fc60007332dcb",
      "price": "0.9",
      "sequence": "5739878239451146",
      "side": "buy",
      "size": "174.1",
      "symbol": "WOD-USDT",
      "takerOrderId": "6746fbd1b6d5080007dce266",
      "time": "1732705233210000000",
      "tradeId": "5739878239451146",
      "type": "match",
      "time_received": "11:00:33.2586"
    },
    {
      "makerOrderId": "6746fbcf5a555000073a46e3",
      "price": "0.89997",
      "sequence": "5739878762166273",
      "side": "sell",
      "size": "54.5",
      "symbol": "WOD-USDT",
      "takerOrderId": "6746fbd25a555000073a57e9",
      "time": "1732705234554000000",
      "tradeId": "5739878762166273",
      "type": "match",
      "time_received": "11:00:34.6031"
    },
    {
      "makerOrderId": "6746fbd25a555000073a57e9",
      "price": "0.8944",
      "sequence": "5739878841464833",
      "side": "buy",
      "size": "63.1",
      "symbol": "WOD-USDT",
      "takerOrderId": "6746fbd2f61fa0000795bffa",
      "time": "1732705234762000000",
      "tradeId": "5739878841464833",
      "type": "match",
      "time_received": "11:00:34.8120"
    },
    {
      "makerOrderId": "6746fbd25a555000073a57e9",
      "price": "0.8944",
      "sequence": "5739878928103425",
      "side": "buy",
      "size": "63.1",
      "symbol": "WOD-USDT",
      "takerOrderId": "6746fbd25e5d4c00074f72ca",
      "time": "1732705234936000000",
      "tradeId": "5739878928103425",
      "type": "match",
      "time_received": "11:00:34.9809"
    },
    {
      "makerOrderId": "6746fbd2812d4000071691eb",
      "price": "0.89439",
      "sequence": "5739878982891521",
      "side": "buy",
      "size": "10.6",
      "symbol": "WOD-USDT",
      "takerOrderId": "6746fbd35e5d4c00074f7492",
      "time": "1732705235050000000",
      "tradeId": "5739878982891521",
      "type": "match",
      "time_received": "11:00:35.1016"
    },
    {
      "makerOrderId": "6746fbd25e5d4c00074f7367",
      "price": "0.89439",
      "sequence": "5739878982891524",
      "side": "buy",
      "size": "10.6",
      "symbol": "WOD-USDT",
      "takerOrderId": "6746fbd35e5d4c00074f7492",
      "time": "1732705235050000000",
      "tradeId": "5739878982891524",
      "type": "match",
      "time_received": "11:00:35.1018"
    },
    {
      "makerOrderId": "6746fbd25a555000073a57e9",
      "price": "0.8944",
      "sequence": "5739878982891527",
      "side": "buy",
      "size": "41.9",
      "symbol": "WOD-USDT",
      "takerOrderId": "6746fbd35e5d4c00074f7492",
      "time": "1732705235050000000",
      "tradeId": "5739878982891527",
      "type": "match",
      "time_received": "11:00:35.1018"
    },
    {
      "makerOrderId": "6746fbd3ba86a000073ed4e7",
      "price": "0.89334",
      "sequence": "5739879402452993",
      "side": "buy",
      "size": "63.1",
      "symbol": "WOD-USDT",
      "takerOrderId": "6746fbd3eaedf50007c7d8e0",
      "time": "1732705235893000000",
      "tradeId": "5739879402452993",
      "type": "match",
      "time_received": "11:00:35.9395"
    },
    {
      "makerOrderId": "6746fbd3ba86a000073ed4e7",
      "price": "0.89334",
      "sequence": "5739879453308929",
      "side": "buy",
      "size": "4.6",
      "symbol": "WOD-USDT",
      "takerOrderId": "6746fbd4439c10000709d554",
      "time": "1732705236052000000",
      "tradeId": "5739879453308929",
      "type": "match",
      "time_received": "11:00:36.1009"
    },
    {
      "makerOrderId": "6746fbcc725fc60007332dcb",
      "price": "0.9",
      "sequence": "5739879453308932",
      "side": "buy",
      "size": "58.5",
      "symbol": "WOD-USDT",
      "takerOrderId": "6746fbd4439c10000709d554",
      "time": "1732705236052000000",
      "tradeId": "5739879453308932",
      "type": "match",
      "time_received": "11:00:36.1011"
    },
    {
      "makerOrderId": "6746fbcc725fc60007332dcb",
      "price": "0.9",
      "sequence": "5739879499577345",
      "side": "buy",
      "size": "63.1",
      "symbol": "WOD-USDT",
      "takerOrderId": "6746fbd4b38d120007a70726",
      "time": "1732705236214000000",
      "tradeId": "5739879499577345",
      "type": "match",
      "time_received": "11:00:36.2640"
    },
    {
      "makerOrderId": "6746fbcc725fc60007332dcb",
      "price": "0.9",
      "sequence": "5739879563278337",
      "side": "buy",
      "size": "200",
      "symbol": "WOD-USDT",
      "takerOrderId": "6746fbd49e4e400007f1190d",
      "time": "1732705236393000000",
      "tradeId": "5739879563278337",
      "type": "match",
      "time_received": "11:00:36.4436"
    },
    {
      "makerOrderId": "6746fbcc725fc60007332dcb",
      "price": "0.9",
      "sequence": "5739879565113345",
      "side": "buy",
      "size": "63.1",
      "symbol": "WOD-USDT",
      "takerOrderId": "6746fbd4a69a4c000782eccf",
      "time": "1732705236395000000",
      "tradeId": "5739879565113345",
      "type": "match",
      "time_received": "11:00:36.4437"
    },
    {
      "makerOrderId": "6746fbcc725fc60007332dcb",
      "price": "0.9",
      "sequence": "5739880125446145",
      "side": "buy",
      "size": "44.2",
      "symbol": "WOD-USDT",
      "takerOrderId": "6746fbd55a555000073a71c3",
      "time": "1732705237849000000",
      "tradeId": "5739880125446145",
      "type": "match",
      "time_received": "11:00:37.8969"
    },
    {
      "makerOrderId": "6746fbd52033a50007a4e0d7",
      "price": "0.899",
      "sequence": "5739880216147969",
      "side": "buy",
      "size": "50",
      "symbol": "WOD-USDT",
      "takerOrderId": "6746fbd6a69a4c000782fa3c",
      "time": "1732705238046000000",
      "tradeId": "5739880216147969",
      "type": "match",
      "time_received": "11:00:38.0958"
    },
    {
      "makerOrderId": "6746fbcc725fc60007332dcb",
      "price": "0.9",
      "sequence": "5739880216147972",
      "side": "buy",
      "size": "21",
      "symbol": "WOD-USDT",
      "takerOrderId": "6746fbd6a69a4c000782fa3c",
      "time": "1732705238046000000",
      "tradeId": "5739880216147972",
      "type": "match",
      "time_received": "11:00:38.0959"
    },
    {
      "makerOrderId": "6746fbcc725fc60007332dcb",
      "price": "0.9",
      "sequence": "5739880618539009",
      "side": "buy",
      "size": "222.2",
      "symbol": "WOD-USDT",
      "takerOrderId": "6746fbd79e4e400007f12d05",
      "time": "1732705239232000000",
      "tradeId": "5739880618539009",
      "type": "match",
      "time_received": "11:00:39.2832"
    },
    {
      "makerOrderId": "6746fbcc725fc60007332dcb",
      "price": "0.9",
      "sequence": "5739880629417985",
      "side": "buy",
      "size": "144",
      "symbol": "WOD-USDT",
      "takerOrderId": "6746fbd71adbea0007dc4dc2",
      "time": "1732705239280000000",
      "tradeId": "5739880629417985",
      "type": "match",
      "time_received": "11:00:39.3293"
    },
    {
      "makerOrderId": "6746fbcc725fc60007332dcb",
      "price": "0.9",
      "sequence": "5739880912271361",
      "side": "buy",
      "size": "15.8",
      "symbol": "WOD-USDT",
      "takerOrderId": "6746fbd7754b1e0007e3d95d",
      "time": "1732705239690000000",
      "tradeId": "5739880912271361",
      "type": "match",
      "time_received": "11:00:39.7418"
    },
    {
      "makerOrderId": "6746fbd9f61fa0000795f891",
      "price": "0.85938",
      "sequence": "5739881979328513",
      "side": "sell",
      "size": "10",
      "symbol": "WOD-USDT",
      "takerOrderId": "6746fbd9b6d5080007dd2592",
      "time": "1732705241897000000",
      "tradeId": "5739881979328513",
      "type": "match",
      "time_received": "11:00:41.9489"
    },
    {
      "makerOrderId": "6746fbcc725fc60007332dcb",
      "price": "0.9",
      "sequence": "5739881990338561",
      "side": "buy",
      "size": "13.1",
      "symbol": "WOD-USDT",
      "takerOrderId": "6746fbd9725fc60007338cfc",
      "time": "1732705241929000000",
      "tradeId": "5739881990338561",
      "type": "match",
      "time_received": "11:00:41.9740"
    },
    {
      "makerOrderId": "6746fbdaa69a4c0007831e16",
      "price": "1",
      "sequence": "5739882154440705",
      "side": "sell",
      "size": "257.6",
      "symbol": "WOD-USDT",
      "takerOrderId": "6746fbda754b1e0007e3eed0",
      "time": "1732705242491000000",
      "tradeId": "5739882154440705",
      "type": "match",
      "time_received": "11:00:42.5401"
    },
    {
      "makerOrderId": "6746fbda5e5d4c00074fad32",
      "price": "0.90001",
      "sequence": "5739882154440708",
      "side": "sell",
      "size": "43",
      "symbol": "WOD-USDT",
      "takerOrderId": "6746fbda754b1e0007e3eed0",
      "time": "1732705242491000000",
      "tradeId": "5739882154440708",
      "type": "match",
      "time_received": "11:00:42.5402"
    },
    {
      "makerOrderId": "6746fbda812d40000716cb28",
      "price": "0.90001",
      "sequence": "5739882154440711",
      "side": "sell",
      "size": "17.1",
      "symbol": "WOD-USDT",
      "takerOrderId": "6746fbda754b1e0007e3eed0",
      "time": "1732705242491000000",
      "tradeId": "5739882154440711",
      "type": "match",
      "time_received": "11:00:42.5403"
    },
    {
      "makerOrderId": "6746fbd9725fc60007338cfc",
      "price": "0.9",
      "sequence": "5739882154440714",
      "side": "sell",
      "size": "180.9",
      "symbol": "WOD-USDT",
      "takerOrderId": "6746fbda754b1e0007e3eed0",
      "time": "1732705242491000000",
      "tradeId": "5739882154440714",
      "type": "match",
      "time_received": "11:00:42.5570"
    },
    {
      "makerOrderId": "6746fbda725fc60007339161",
      "price": "0.90003",
      "sequence": "5739882494703617",
      "side": "sell",
      "size": "19.6",
      "symbol": "WOD-USDT",
      "takerOrderId": "6746fbdbb6d5080007dd2f5d",
      "time": "1732705243420000000",
      "tradeId": "5739882494703617",
      "type": "match",
      "time_received": "11:00:43.4698"
    },
    {
      "makerOrderId": "6746fbe0f61fa000079624f9",
      "price": "1.01787",
      "sequence": "5739884613875713",
      "side": "buy",
      "size": "11.4",
      "symbol": "WOD-USDT",
      "takerOrderId": "6746fbe0812d40000716f968",
      "time": "1732705248908000000",
      "tradeId": "5739884613875713",
      "type": "match",
      "time_received": "11:00:48.9564"
    },
    {
      "makerOrderId": "6746fbddf61fa00007960f9a",
      "price": "1",
      "sequence": "5739884628948993",
      "side": "sell",
      "size": "18.9",
      "symbol": "WOD-USDT",
      "takerOrderId": "6746fbe0439c1000070a3473",
      "time": "1732705248951000000",
      "tradeId": "5739884628948993",
      "type": "match",
      "time_received": "11:00:48.9965"
    },
    {
      "makerOrderId": "6746fbe11adbea0007dc9b98",
      "price": "1",
      "sequence": "5739884937361409",
      "side": "buy",
      "size": "40",
      "symbol": "WOD-USDT",
      "takerOrderId": "6746fbe1dcdd7b000743a76d",
      "time": "1732705249936000000",
      "tradeId": "5739884937361409",
      "type": "match",
      "time_received": "11:00:49.9851"
    },
    {
      "makerOrderId": "6746fbe114a8920007b44979",
      "price": "1.01447",
      "sequence": "5739884937361412",
      "side": "buy",
      "size": "10",
      "symbol": "WOD-USDT",
      "takerOrderId": "6746fbe1dcdd7b000743a76d",
      "time": "1732705249936000000",
      "tradeId": "5739884937361412",
      "type": "match",
      "time_received": "11:00:49.9853"
    },
    {
      "makerOrderId": "6746fbe1dcdd7b000743a76d",
      "price": "1.102",
      "sequence": "5739885007616001",
      "side": "sell",
      "size": "23.1",
      "symbol": "WOD-USDT",
      "takerOrderId": "6746fbe2f61fa00007963047",
      "time": "1732705250155000000",
      "tradeId": "5739885007616001",
      "type": "match",
      "time_received": "11:00:50.2058"
    },
    {
      "makerOrderId": "6746fbe1dcdd7b000743a76d",
      "price": "1.102",
      "sequence": "5739885083506689",
      "side": "sell",
      "size": "20",
      "symbol": "WOD-USDT",
      "takerOrderId": "6746fbe2b6d5080007dd5db5",
      "time": "1732705250388000000",
      "tradeId": "5739885083506689",
      "type": "match",
      "time_received": "11:00:50.4327"
    },
    {
      "makerOrderId": "6746fbe4b26bfb00070884f7",
      "price": "1.0206",
      "sequence": "5739886178875393",
      "side": "buy",
      "size": "15.7",
      "symbol": "WOD-USDT",
      "takerOrderId": "6746fbe58b053b00071689eb",
      "time": "1732705253229000000",
      "tradeId": "5739886178875393",
      "type": "match",
      "time_received": "11:00:53.2765"
    },
    {
      "makerOrderId": "6746fbe4725fc6000733d3ca",
      "price": "1.02061",
      "sequence": "5739886178875396",
      "side": "buy",
      "size": "8.3",
      "symbol": "WOD-USDT",
      "takerOrderId": "6746fbe58b053b00071689eb",
      "time": "1732705253229000000",
      "tradeId": "5739886178875396",
      "type": "match",
      "time_received": "11:00:53.2804"
    },
    {
      "makerOrderId": "6746fbe7633e910007518f71",
      "price": "1.02816",
      "sequence": "5739887251961857",
      "side": "buy",
      "size": "97.2",
      "symbol": "WOD-USDT",
      "takerOrderId": "6746fbe814a8920007b4740c",
      "time": "1732705256364000000",
      "tradeId": "5739887251961857",
      "type": "match",
      "time_received": "11:00:56.4142"
    },
    {
      "makerOrderId": "6746fbe8a69a4c000783782a",
      "price": "1.02817",
      "sequence": "5739887251961860",
      "side": "buy",
      "size": "17.1",
      "symbol": "WOD-USDT",
      "takerOrderId": "6746fbe814a8920007b4740c",
      "time": "1732705256364000000",
      "tradeId": "5739887251961860",
      "type": "match",
      "time_received": "11:00:56.4144"
    },
    {
      "makerOrderId": "6746fbe8eaedf50007c86813",
      "price": "1.02817",
      "sequence": "5739887251961863",
      "side": "buy",
      "size": "34.7",
      "symbol": "WOD-USDT",
      "takerOrderId": "6746fbe814a8920007b4740c",
      "time": "1732705256364000000",
      "tradeId": "5739887251961863",
      "type": "match",
      "time_received": "11:00:56.4144"
    },
    {
      "makerOrderId": "6746fbe41adbea0007dcb0d0",
      "price": "1.0578",
      "sequence": "5739887251961866",
      "side": "buy",
      "size": "456.8",
      "symbol": "WOD-USDT",
      "takerOrderId": "6746fbe814a8920007b4740c",
      "time": "1732705256364000000",
      "tradeId": "5739887251961866",
      "type": "match",
      "time_received": "11:00:56.4145"
    },
    {
      "makerOrderId": "6746fbe3a69a4c000783584a",
      "price": "1.0672",
      "sequence": "5739888220977153",
      "side": "buy",
      "size": "36.5",
      "symbol": "WOD-USDT",
      "takerOrderId": "6746fbea2033a50007a56ff3",
      "time": "1732705258707000000",
      "tradeId": "5739888220977153",
      "type": "match",
      "time_received": "11:00:58.7579"
    },
    {
      "makerOrderId": "6746fbe8725fc6000733eed4",
      "price": "1.02061",
      "sequence": "5739888461232129",
      "side": "sell",
      "size": "19.7",
      "symbol": "WOD-USDT",
      "takerOrderId": "6746fbeb14a8920007b4877a",
      "time": "1732705259310000000",
      "tradeId": "5739888461232129",
      "type": "match",
      "time_received": "11:00:59.3603"
    },
    {
      "makerOrderId": "6746fbe7e21c740007be99e8",
      "price": "1",
      "sequence": "5739888738318337",
      "side": "sell",
      "size": "19.9",
      "symbol": "WOD-USDT",
      "takerOrderId": "6746fbece21c740007beb55b",
      "time": "1732705260104000000",
      "tradeId": "5739888738318337",
      "type": "match",
      "time_received": "11:01:00.1532"
    },
    {
      "makerOrderId": "6746fbeb14a8920007b488d0",
      "price": "1",
      "sequence": "5739888738318340",
      "side": "sell",
      "size": "11.9",
      "symbol": "WOD-USDT",
      "takerOrderId": "6746fbece21c740007beb55b",
      "time": "1732705260104000000",
      "tradeId": "5739888738318340",
      "type": "match",
      "time_received": "11:01:00.1533"
    },
    {
      "makerOrderId": "6746fbed439c1000070a85f3",
      "price": "0.95005",
      "sequence": "5739889322637313",
      "side": "sell",
      "size": "45.1",
      "symbol": "WOD-USDT",
      "takerOrderId": "6746fbed439c1000070a8753",
      "time": "1732705261477000000",
      "tradeId": "5739889322637313",
      "type": "match",
      "time_received": "11:01:01.5409"
    },
    {
      "makerOrderId": "6746fbedf61fa00007967aa5",
      "price": "0.95005",
      "sequence": "5739889322637316",
      "side": "sell",
      "size": "18",
      "symbol": "WOD-USDT",
      "takerOrderId": "6746fbed439c1000070a8753",
      "time": "1732705261477000000",
      "tradeId": "5739889322637316",
      "type": "match",
      "time_received": "11:01:01.5411"
    },
    {
      "makerOrderId": "6746fbedef434f0007c163a4",
      "price": "0.95005",
      "sequence": "5739889322637319",
      "side": "sell",
      "size": "42.9",
      "symbol": "WOD-USDT",
      "takerOrderId": "6746fbed439c1000070a8753",
      "time": "1732705261477000000",
      "tradeId": "5739889322637319",
      "type": "match",
      "time_received": "11:01:01.5412"
    },
    {
      "makerOrderId": "6746fbe75e5d4c000750076a",
      "price": "0.95",
      "sequence": "5739889752815617",
      "side": "sell",
      "size": "10",
      "symbol": "WOD-USDT",
      "takerOrderId": "6746fbee5a555000073b1d94",
      "time": "1732705262612000000",
      "tradeId": "5739889752815617",
      "type": "match",
      "time_received": "11:01:02.6634"
    },
    {
      "makerOrderId": "6746fbee5a555000073b1d94",
      "price": "0.94311",
      "sequence": "5739890013517825",
      "side": "buy",
      "size": "96",
      "symbol": "WOD-USDT",
      "takerOrderId": "6746fbefeaedf50007c8986b",
      "time": "1732705263231000000",
      "tradeId": "5739890013517825",
      "type": "match",
      "time_received": "11:01:03.2796"
    },
    {
      "makerOrderId": "6746fbeeb6d5080007ddb147",
      "price": "0.94312",
      "sequence": "5739890013517828",
      "side": "buy",
      "size": "45.1",
      "symbol": "WOD-USDT",
      "takerOrderId": "6746fbefeaedf50007c8986b",
      "time": "1732705263231000000",
      "tradeId": "5739890013517828",
      "type": "match",
      "time_received": "11:01:03.2797"
    },
    {
      "makerOrderId": "6746fbee9e4e400007f1d1ef",
      "price": "0.94312",
      "sequence": "5739890013517831",
      "side": "buy",
      "size": "18",
      "symbol": "WOD-USDT",
      "takerOrderId": "6746fbefeaedf50007c8986b",
      "time": "1732705263231000000",
      "tradeId": "5739890013517831",
      "type": "match",
      "time_received": "11:01:03.2798"
    },
    {
      "makerOrderId": "6746fbed633e9100075192dd",
      "price": "1.00776",
      "sequence": "5739890013517834",
      "side": "buy",
      "size": "99.2",
      "symbol": "WOD-USDT",
      "takerOrderId": "6746fbefeaedf50007c8986b",
      "time": "1732705263231000000",
      "tradeId": "5739890013517834",
      "type": "match",
      "time_received": "11:01:03.2798"
    },
    {
      "makerOrderId": "6746fbee14a8920007b4a13b",
      "price": "1.02769",
      "sequence": "5739890013517837",
      "side": "buy",
      "size": "42.9",
      "symbol": "WOD-USDT",
      "takerOrderId": "6746fbefeaedf50007c8986b",
      "time": "1732705263231000000",
      "tradeId": "5739890013517837",
      "type": "match",
      "time_received": "11:01:03.2800"
    },
    {
      "makerOrderId": "6746fbefb38d120007a7c62a",
      "price": "0.91007",
      "sequence": "5739890074597377",
      "side": "sell",
      "size": "18.5",
      "symbol": "WOD-USDT",
      "takerOrderId": "6746fbef33b8f300078e6924",
      "time": "1732705263378000000",
      "tradeId": "5739890074597377",
      "type": "match",
      "time_received": "11:01:03.4269"
    },
    {
      "makerOrderId": "6746fbefb38d120007a7c672",
      "price": "0.91007",
      "sequence": "5739890074597380",
      "side": "sell",
      "size": "43.5",
      "symbol": "WOD-USDT",
      "takerOrderId": "6746fbef33b8f300078e6924",
      "time": "1732705263378000000",
      "tradeId": "5739890074597380",
      "type": "match",
      "time_received": "11:01:03.4270"
    },
    {
      "makerOrderId": "6746fbf12033a50007a59f9c",
      "price": "0.92024",
      "sequence": "5739890891962369",
      "side": "sell",
      "size": "105.2",
      "symbol": "WOD-USDT",
      "takerOrderId": "6746fbf12033a50007a59ffc",
      "time": "1732705265157000000",
      "tradeId": "5739890891962369",
      "type": "match",
      "time_received": "11:01:05.2059"
    },
    {
      "makerOrderId": "6746fbf05a555000073b2ff3",
      "price": "0.92023",
      "sequence": "5739890891962372",
      "side": "sell",
      "size": "51",
      "symbol": "WOD-USDT",
      "takerOrderId": "6746fbf12033a50007a59ffc",
      "time": "1732705265157000000",
      "tradeId": "5739890891962372",
      "type": "match",
      "time_received": "11:01:05.2060"
    },
    {
      "makerOrderId": "6746fbf05e5d4c00075048de",
      "price": "0.92023",
      "sequence": "5739890891962375",
      "side": "sell",
      "size": "43.1",
      "symbol": "WOD-USDT",
      "takerOrderId": "6746fbf12033a50007a59ffc",
      "time": "1732705265157000000",
      "tradeId": "5739890891962375",
      "type": "match",
      "time_received": "11:01:05.2063"
    },
    {
      "makerOrderId": "6746fbf0754b1e0007e487c0",
      "price": "0.92023",
      "sequence": "5739890891962378",
      "side": "sell",
      "size": "51",
      "symbol": "WOD-USDT",
      "takerOrderId": "6746fbf12033a50007a59ffc",
      "time": "1732705265157000000",
      "tradeId": "5739890891962378",
      "type": "match",
      "time_received": "11:01:05.2063"
    },
    {
      "makerOrderId": "6746fbf05a555000073b2da9",
      "price": "0.92021",
      "sequence": "5739890891962381",
      "side": "sell",
      "size": "11.5",
      "symbol": "WOD-USDT",
      "takerOrderId": "6746fbf12033a50007a59ffc",
      "time": "1732705265157000000",
      "tradeId": "5739890891962381",
      "type": "match",
      "time_received": "11:01:05.2064"
    },
    {
      "makerOrderId": "6746fbf05a555000073b2c29",
      "price": "0.9202",
      "sequence": "5739890891962384",
      "side": "sell",
      "size": "38",
      "symbol": "WOD-USDT",
      "takerOrderId": "6746fbf12033a50007a59ffc",
      "time": "1732705265157000000",
      "tradeId": "5739890891962384",
      "type": "match",
      "time_received": "11:01:05.2064"
    },
    {
      "makerOrderId": "6746fbf0dcdd7b0007441057",
      "price": "0.91011",
      "sequence": "5739890891962387",
      "side": "sell",
      "size": "29.4",
      "symbol": "WOD-USDT",
      "takerOrderId": "6746fbf12033a50007a59ffc",
      "time": "1732705265157000000",
      "tradeId": "5739890891962387",
      "type": "match",
      "time_received": "11:01:05.2065"
    },
    {
      "makerOrderId": "6746fbe4e21c740007be821b",
      "price": "0.91005",
      "sequence": "5739890891962390",
      "side": "sell",
      "size": "106.7",
      "symbol": "WOD-USDT",
      "takerOrderId": "6746fbf12033a50007a59ffc",
      "time": "1732705265157000000",
      "tradeId": "5739890891962390",
      "type": "match",
      "time_received": "11:01:05.2065"
    },
    {
      "makerOrderId": "6746fbde1adbea0007dc87c7",
      "price": "0.91",
      "sequence": "5739890891962393",
      "side": "sell",
      "size": "169.9",
      "symbol": "WOD-USDT",
      "takerOrderId": "6746fbf12033a50007a59ffc",
      "time": "1732705265157000000",
      "tradeId": "5739890891962393",
      "type": "match",
      "time_received": "11:01:05.2067"
    },
    {
      "makerOrderId": "6746fbf19e4e400007f1e5ab",
      "price": "1.02043",
      "sequence": "5739891027097601",
      "side": "buy",
      "size": "52",
      "symbol": "WOD-USDT",
      "takerOrderId": "6746fbf1b38d120007a7d807",
      "time": "1732705265547000000",
      "tradeId": "5739891027097601",
      "type": "match",
      "time_received": "11:01:05.6028"
    },
    {
      "makerOrderId": "6746fbf2eaedf50007c8af9a",
      "price": "0.91005",
      "sequence": "5739891371685889",
      "side": "sell",
      "size": "209",
      "symbol": "WOD-USDT",
      "takerOrderId": "6746fbf2b38d120007a7ddd0",
      "time": "1732705266451000000",
      "tradeId": "5739891371685889",
      "type": "match",
      "time_received": "11:01:06.5025"
    },
    {
      "makerOrderId": "6746fbf45e5d4c00075065a7",
      "price": "0.95001",
      "sequence": "5739897477937153",
      "side": "sell",
      "size": "40.6",
      "symbol": "WOD-USDT",
      "takerOrderId": "6746fc008b053b00071752bf",
      "time": "1732705280960000000",
      "tradeId": "5739897477937153",
      "type": "match",
      "time_received": "11:01:21.0074"
    },
    {
      "makerOrderId": "6746fc03b6d5080007de4719",
      "price": "0.96303",
      "sequence": "5739898348779521",
      "side": "buy",
      "size": "51",
      "symbol": "WOD-USDT",
      "takerOrderId": "6746fc03633e91000751a1dd",
      "time": "1732705283324000000",
      "tradeId": "5739898348779521",
      "type": "match",
      "time_received": "11:01:23.3716"
    },
    {
      "makerOrderId": "6746fc03b26bfb00070962d0",
      "price": "0.96303",
      "sequence": "5739898348779524",
      "side": "buy",
      "size": "0.2",
      "symbol": "WOD-USDT",
      "takerOrderId": "6746fc03633e91000751a1dd",
      "time": "1732705283324000000",
      "tradeId": "5739898348779524",
      "type": "match",
      "time_received": "11:01:23.3717"
    },
    {
      "makerOrderId": "6746fc04f61fa000079725a6",
      "price": "0.96297",
      "sequence": "5739898864809985",
      "side": "buy",
      "size": "36.3",
      "symbol": "WOD-USDT",
      "takerOrderId": "6746fc04a69a4c00078446b3",
      "time": "1732705284792000000",
      "tradeId": "5739898864809985",
      "type": "match",
      "time_received": "11:01:24.8411"
    },
    {
      "makerOrderId": "6746fc04a69a4c00078447b5",
      "price": "0.96298",
      "sequence": "5739899028518913",
      "side": "buy",
      "size": "51",
      "symbol": "WOD-USDT",
      "takerOrderId": "6746fc05dcdd7b000744a1b4",
      "time": "1732705285131000000",
      "tradeId": "5739899028518913",
      "type": "match",
      "time_received": "11:01:25.1762"
    },
    {
      "makerOrderId": "6746fc04dcdd7b0007449fe9",
      "price": "0.96298",
      "sequence": "5739899028518916",
      "side": "buy",
      "size": "50.8",
      "symbol": "WOD-USDT",
      "takerOrderId": "6746fc05dcdd7b000744a1b4",
      "time": "1732705285131000000",
      "tradeId": "5739899028518916",
      "type": "match",
      "time_received": "11:01:25.1807"
    },
    {
      "makerOrderId": "6746fc05eaedf50007c93c05",
      "price": "0.98879",
      "sequence": "5739900066740225",
      "side": "buy",
      "size": "18.5",
      "symbol": "WOD-USDT",
      "takerOrderId": "6746fc07812d400007180c98",
      "time": "1732705287575000000",
      "tradeId": "5739900066740225",
      "type": "match",
      "time_received": "11:01:27.6212"
    },
    {
      "makerOrderId": "6746fbf433b8f300078e8daf",
      "price": "0.98888",
      "sequence": "5739900066740228",
      "side": "buy",
      "size": "31.7",
      "symbol": "WOD-USDT",
      "takerOrderId": "6746fc07812d400007180c98",
      "time": "1732705287575000000",
      "tradeId": "5739900066740228",
      "type": "match",
      "time_received": "11:01:27.6214"
    },
    {
      "makerOrderId": "6746fbf433b8f300078e8daf",
      "price": "0.98888",
      "sequence": "5739900457596929",
      "side": "buy",
      "size": "30.8",
      "symbol": "WOD-USDT",
      "takerOrderId": "6746fc08eaedf50007c9546c",
      "time": "1732705288783000000",
      "tradeId": "5739900457596929",
      "type": "match",
      "time_received": "11:01:28.8333"
    },
    {
      "makerOrderId": "6746fbf72033a50007a5d049",
      "price": "0.98999",
      "sequence": "5739900457596932",
      "side": "buy",
      "size": "19.4",
      "symbol": "WOD-USDT",
      "takerOrderId": "6746fc08eaedf50007c9546c",
      "time": "1732705288783000000",
      "tradeId": "5739900457596932",
      "type": "match",
      "time_received": "11:01:28.8333"
    },
    {
      "makerOrderId": "6746fbf72033a50007a5d049",
      "price": "0.98999",
      "sequence": "5739900590897153",
      "side": "buy",
      "size": "0.9",
      "symbol": "WOD-USDT",
      "takerOrderId": "6746fc09a69a4c00078465aa",
      "time": "1732705289219000000",
      "tradeId": "5739900590897153",
      "type": "match",
      "time_received": "11:01:29.2702"
    },
    {
      "makerOrderId": "6746fc0af61fa00007974b75",
      "price": "1.09297",
      "sequence": "5739900953966593",
      "side": "buy",
      "size": "78.4",
      "symbol": "WOD-USDT",
      "takerOrderId": "6746fc0ab6d5080007de7641",
      "time": "1732705290227000000",
      "tradeId": "5739900953966593",
      "type": "match",
      "time_received": "11:01:30.2715"
    },
    {
      "makerOrderId": "6746fc0bdcdd7b000744c9b2",
      "price": "1.09295",
      "sequence": "5739901330274305",
      "side": "buy",
      "size": "11.6",
      "symbol": "WOD-USDT",
      "takerOrderId": "6746fc0b439c1000070b5d53",
      "time": "1732705291481000000",
      "tradeId": "5739901330274305",
      "type": "match",
      "time_received": "11:01:31.5289"
    },
    {
      "makerOrderId": "6746fc0d754b1e0007e55172",
      "price": "1.0852",
      "sequence": "5739902240176129",
      "side": "buy",
      "size": "15.3",
      "symbol": "WOD-USDT",
      "takerOrderId": "6746fc0e5a555000073bf9fa",
      "time": "1732705294170000000",
      "tradeId": "5739902240176129",
      "type": "match",
      "time_received": "11:01:34.2198"
    },
    {
      "makerOrderId": "6746fc0eb6d5080007de8aa5",
      "price": "1.0852",
      "sequence": "5739902240176132",
      "side": "buy",
      "size": "190.7",
      "symbol": "WOD-USDT",
      "takerOrderId": "6746fc0e5a555000073bf9fa",
      "time": "1732705294170000000",
      "tradeId": "5739902240176132",
      "type": "match",
      "time_received": "11:01:34.2199"
    },
    {
      "makerOrderId": "6746fc0d33b8f300078f3edd",
      "price": "1.08521",
      "sequence": "5739902240176135",
      "side": "buy",
      "size": "100.4",
      "symbol": "WOD-USDT",
      "takerOrderId": "6746fc0e5a555000073bf9fa",
      "time": "1732705294170000000",
      "tradeId": "5739902240176135",
      "type": "match",
      "time_received": "11:01:34.2200"
    },
    {
      "makerOrderId": "6746fbdd725fc6000733a67b",
      "price": "1.1094",
      "sequence": "5739902641518593",
      "side": "buy",
      "size": "15.8",
      "symbol": "WOD-USDT",
      "takerOrderId": "6746fc0fba86a000073efdbf",
      "time": "1732705295403000000",
      "tradeId": "5739902641518593",
      "type": "match",
      "time_received": "11:01:35.4531"
    },
    {
      "makerOrderId": "6746fc0f1adbea0007ddd815",
      "price": "1.13742",
      "sequence": "5739902882035713",
      "side": "sell",
      "size": "78.8",
      "symbol": "WOD-USDT",
      "takerOrderId": "6746fc10ef434f0007c25300",
      "time": "1732705296121000000",
      "tradeId": "5739902882035713",
      "type": "match",
      "time_received": "11:01:36.1704"
    },
    {
      "makerOrderId": "6746fc10dcdd7b000744e280",
      "price": "1.25399",
      "sequence": "5739903503710209",
      "side": "buy",
      "size": "85.4",
      "symbol": "WOD-USDT",
      "takerOrderId": "6746fc11ef434f0007c25f18",
      "time": "1732705297744000000",
      "tradeId": "5739903503710209",
      "type": "match",
      "time_received": "11:01:37.7949"
    },
    {
      "makerOrderId": "6746fbfff61fa0000797010a",
      "price": "1.254",
      "sequence": "5739903503710212",
      "side": "buy",
      "size": "71.5",
      "symbol": "WOD-USDT",
      "takerOrderId": "6746fc11ef434f0007c25f18",
      "time": "1732705297744000000",
      "tradeId": "5739903503710212",
      "type": "match",
      "time_received": "11:01:37.7950"
    },
    {
      "makerOrderId": "6746fc12812d400007184d13",
      "price": "1.15605",
      "sequence": "5739903806486529",
      "side": "sell",
      "size": "83.6",
      "symbol": "WOD-USDT",
      "takerOrderId": "6746fc12f61fa00007977d05",
      "time": "1732705298493000000",
      "tradeId": "5739903806486529",
      "type": "match",
      "time_received": "11:01:38.5418"
    },
    {
      "makerOrderId": "6746fc12ef434f0007c264cf",
      "price": "1.15604",
      "sequence": "5739903806486532",
      "side": "sell",
      "size": "166.2",
      "symbol": "WOD-USDT",
      "takerOrderId": "6746fc12f61fa00007977d05",
      "time": "1732705298493000000",
      "tradeId": "5739903806486532",
      "type": "match",
      "time_received": "11:01:38.5419"
    },
    {
      "makerOrderId": "6746fc1214a8920007b59556",
      "price": "1.156",
      "sequence": "5739903806486535",
      "side": "sell",
      "size": "86.5",
      "symbol": "WOD-USDT",
      "takerOrderId": "6746fc12f61fa00007977d05",
      "time": "1732705298493000000",
      "tradeId": "5739903806486535",
      "type": "match",
      "time_received": "11:01:38.5420"
    },
    {
      "makerOrderId": "6746fc105e5d4c0007511e5f",
      "price": "1.15202",
      "sequence": "5739903806486538",
      "side": "sell",
      "size": "15.6",
      "symbol": "WOD-USDT",
      "takerOrderId": "6746fc12f61fa00007977d05",
      "time": "1732705298493000000",
      "tradeId": "5739903806486538",
      "type": "match",
      "time_received": "11:01:38.5420"
    },
    {
      "makerOrderId": "6746fc105e5d4c0007511d23",
      "price": "1.152",
      "sequence": "5739903806486541",
      "side": "sell",
      "size": "84.2",
      "symbol": "WOD-USDT",
      "takerOrderId": "6746fc12f61fa00007977d05",
      "time": "1732705298493000000",
      "tradeId": "5739903806486541",
      "type": "match",
      "time_received": "11:01:38.5420"
    },
    {
      "makerOrderId": "6746fc12812d400007184d6a",
      "price": "1.25399",
      "sequence": "5739903983958017",
      "side": "buy",
      "size": "78.7",
      "symbol": "WOD-USDT",
      "takerOrderId": "6746fc125e5d4c0007513156",
      "time": "1732705298980000000",
      "tradeId": "5739903983958017",
      "type": "match",
      "time_received": "11:01:39.0265"
    },
    {
      "makerOrderId": "6746fc12ef434f0007c2658d",
      "price": "1.25399",
      "sequence": "5739904021968897",
      "side": "buy",
      "size": "78.7",
      "symbol": "WOD-USDT",
      "takerOrderId": "6746fc13725fc60007351334",
      "time": "1732705299090000000",
      "tradeId": "5739904021968897",
      "type": "match",
      "time_received": "11:01:39.1348"
    },
    {
      "makerOrderId": "6746fc12ef434f0007c2658d",
      "price": "1.25399",
      "sequence": "5739904044120065",
      "side": "buy",
      "size": "87.5",
      "symbol": "WOD-USDT",
      "takerOrderId": "6746fc13ef434f0007c26901",
      "time": "1732705299147000000",
      "tradeId": "5739904044120065",
      "type": "match",
      "time_received": "11:01:39.1937"
    },
    {
      "makerOrderId": "6746fbfff61fa0000797010a",
      "price": "1.254",
      "sequence": "5739904044120068",
      "side": "buy",
      "size": "645.8",
      "symbol": "WOD-USDT",
      "takerOrderId": "6746fc13ef434f0007c26901",
      "time": "1732705299147000000",
      "tradeId": "5739904044120068",
      "type": "match",
      "time_received": "11:01:39.1939"
    },
    {
      "makerOrderId": "6746fc12725fc600073510b4",
      "price": "1.254",
      "sequence": "5739904044120071",
      "side": "buy",
      "size": "15.6",
      "symbol": "WOD-USDT",
      "takerOrderId": "6746fc13ef434f0007c26901",
      "time": "1732705299147000000",
      "tradeId": "5739904044120071",
      "type": "match",
      "time_received": "11:01:39.1939"
    },
    {
      "makerOrderId": "6746fc14812d400007185c91",
      "price": "1.28084",
      "sequence": "5739904857159681",
      "side": "sell",
      "size": "59.1",
      "symbol": "WOD-USDT",
      "takerOrderId": "6746fc145e5d4c0007513e4b",
      "time": "1732705300978000000",
      "tradeId": "5739904857159681",
      "type": "match",
      "time_received": "11:01:41.0295"
    },
    {
      "makerOrderId": "6746fc15eaedf50007c99e9a",
      "price": "1.28085",
      "sequence": "5739905194932225",
      "side": "sell",
      "size": "14.9",
      "symbol": "WOD-USDT",
      "takerOrderId": "6746fc1514a8920007b5ad5b",
      "time": "1732705301949000000",
      "tradeId": "5739905194932225",
      "type": "match",
      "time_received": "11:01:41.9987"
    },
    {
      "makerOrderId": "6746fc14812d400007185c91",
      "price": "1.28084",
      "sequence": "5739905194932228",
      "side": "sell",
      "size": "18.9",
      "symbol": "WOD-USDT",
      "takerOrderId": "6746fc1514a8920007b5ad5b",
      "time": "1732705301949000000",
      "tradeId": "5739905194932228",
      "type": "match",
      "time_received": "11:01:41.9987"
    },
    {
      "makerOrderId": "6746fc13ef434f0007c26901",
      "price": "1.254",
      "sequence": "5739905194932231",
      "side": "sell",
      "size": "50.4",
      "symbol": "WOD-USDT",
      "takerOrderId": "6746fc1514a8920007b5ad5b",
      "time": "1732705301949000000",
      "tradeId": "5739905194932231",
      "type": "match",
      "time_received": "11:01:41.9988"
    },
    {
      "makerOrderId": "6746fc16e21c740007bfda2c",
      "price": "1.25404",
      "sequence": "5739905666267137",
      "side": "sell",
      "size": "24.4",
      "symbol": "WOD-USDT",
      "takerOrderId": "6746fc17e21c740007bfdfcc",
      "time": "1732705303492000000",
      "tradeId": "5739905666267137",
      "type": "match",
      "time_received": "11:01:43.5432"
    },
    {
      "makerOrderId": "6746fc16b6d5080007debf81",
      "price": "1.25404",
      "sequence": "5739905666267140",
      "side": "sell",
      "size": "24.4",
      "symbol": "WOD-USDT",
      "takerOrderId": "6746fc17e21c740007bfdfcc",
      "time": "1732705303492000000",
      "tradeId": "5739905666267140",
      "type": "match",
      "time_received": "11:01:43.5433"
    },
    {
      "makerOrderId": "6746fc16dcdd7b0007450a8a",
      "price": "1.25403",
      "sequence": "5739905666267143",
      "side": "sell",
      "size": "27.6",
      "symbol": "WOD-USDT",
      "takerOrderId": "6746fc17e21c740007bfdfcc",
      "time": "1732705303492000000",
      "tradeId": "5739905666267143",
      "type": "match",
      "time_received": "11:01:43.5434"
    },
    {
      "makerOrderId": "6746fc13ef434f0007c26901",
      "price": "1.254",
      "sequence": "5739905666267146",
      "side": "sell",
      "size": "159.5",
      "symbol": "WOD-USDT",
      "takerOrderId": "6746fc17e21c740007bfdfcc",
      "time": "1732705303492000000",
      "tradeId": "5739905666267146",
      "type": "match",
      "time_received": "11:01:43.5434"
    },
    {
      "makerOrderId": "6746fc15dcdd7b0007450720",
      "price": "1.254",
      "sequence": "5739905666267149",
      "side": "sell",
      "size": "740.9",
      "symbol": "WOD-USDT",
      "takerOrderId": "6746fc17e21c740007bfdfcc",
      "time": "1732705303492000000",
      "tradeId": "5739905666267149",
      "type": "match",
      "time_received": "11:01:43.5435"
    },
    {
      "makerOrderId": "6746fc1833b8f300078f7d55",
      "price": "1.2809",
      "sequence": "5739905915172865",
      "side": "sell",
      "size": "12.5",
      "symbol": "WOD-USDT",
      "takerOrderId": "6746fc1814a8920007b5ba0c",
      "time": "1732705304254000000",
      "tradeId": "5739905915172865",
      "type": "match",
      "time_received": "11:01:44.3049"
    },
    {
      "makerOrderId": "6746fc18812d400007186dd0",
      "price": "1.25663",
      "sequence": "5739905915172868",
      "side": "sell",
      "size": "11.8",
      "symbol": "WOD-USDT",
      "takerOrderId": "6746fc1814a8920007b5ba0c",
      "time": "1732705304254000000",
      "tradeId": "5739905915172868",
      "type": "match",
      "time_received": "11:01:44.3051"
    },
    {
      "makerOrderId": "6746fc189e4e400007f2ebaa",
      "price": "1.25556",
      "sequence": "5739905915172871",
      "side": "sell",
      "size": "20",
      "symbol": "WOD-USDT",
      "takerOrderId": "6746fc1814a8920007b5ba0c",
      "time": "1732705304254000000",
      "tradeId": "5739905915172871",
      "type": "match",
      "time_received": "11:01:44.3051"
    },
    {
      "makerOrderId": "6746fc15dcdd7b0007450720",
      "price": "1.254",
      "sequence": "5739905915172874",
      "side": "sell",
      "size": "38",
      "symbol": "WOD-USDT",
      "takerOrderId": "6746fc1814a8920007b5ba0c",
      "time": "1732705304254000000",
      "tradeId": "5739905915172874",
      "type": "match",
      "time_received": "11:01:44.3052"
    },
    {
      "makerOrderId": "6746fc15dcdd7b0007450720",
      "price": "1.254",
      "sequence": "5739906223585281",
      "side": "sell",
      "size": "149.2",
      "symbol": "WOD-USDT",
      "takerOrderId": "6746fc19725fc60007353776",
      "time": "1732705305224000000",
      "tradeId": "5739906223585281",
      "type": "match",
      "time_received": "11:01:45.2743"
    },
    {
      "makerOrderId": "6746fc141adbea0007ddfa89",
      "price": "1.1832",
      "sequence": "5739906223585284",
      "side": "sell",
      "size": "28.2",
      "symbol": "WOD-USDT",
      "takerOrderId": "6746fc19725fc60007353776",
      "time": "1732705305224000000",
      "tradeId": "5739906223585284",
      "type": "match",
      "time_received": "11:01:45.2744"
    },
    {
      "makerOrderId": "6746fc1914a8920007b5c1d5",
      "price": "1.23401",
      "sequence": "5739908457969665",
      "side": "buy",
      "size": "20",
      "symbol": "WOD-USDT",
      "takerOrderId": "6746fc1e439c1000070bd5b8",
      "time": "1732705311011000000",
      "tradeId": "5739908457969665",
      "type": "match",
      "time_received": "11:01:51.0616"
    },
    {
      "makerOrderId": "6746fc1eeaedf50007c9daab",
      "price": "1.20217",
      "sequence": "5739908924717057",
      "side": "sell",
      "size": "83.1",
      "symbol": "WOD-USDT",
      "takerOrderId": "6746fc202033a50007a6daea",
      "time": "1732705312195000000",
      "tradeId": "5739908924717057",
      "type": "match",
      "time_received": "11:01:52.2420"
    },
    {
      "makerOrderId": "6746fc1cf61fa0000797bc94",
      "price": "1.1936",
      "sequence": "5739908924717060",
      "side": "sell",
      "size": "83.7",
      "symbol": "WOD-USDT",
      "takerOrderId": "6746fc202033a50007a6daea",
      "time": "1732705312195000000",
      "tradeId": "5739908924717060",
      "type": "match",
      "time_received": "11:01:52.2421"
    },
    {
      "makerOrderId": "6746fc1f633e91000751b4a0",
      "price": "1.1936",
      "sequence": "5739908924717063",
      "side": "sell",
      "size": "50.4",
      "symbol": "WOD-USDT",
      "takerOrderId": "6746fc202033a50007a6daea",
      "time": "1732705312195000000",
      "tradeId": "5739908924717063",
      "type": "match",
      "time_received": "11:01:52.2424"
    },
    {
      "makerOrderId": "6746fc1fe21c740007c01103",
      "price": "1.1832",
      "sequence": "5739908924717066",
      "side": "sell",
      "size": "20",
      "symbol": "WOD-USDT",
      "takerOrderId": "6746fc202033a50007a6daea",
      "time": "1732705312195000000",
      "tradeId": "5739908924717066",
      "type": "match",
      "time_received": "11:01:52.2424"
    },
    {
      "makerOrderId": "6746fc1bdcdd7b0007452cf5",
      "price": "1.17178",
      "sequence": "5739908924717069",
      "side": "sell",
      "size": "42.6",
      "symbol": "WOD-USDT",
      "takerOrderId": "6746fc202033a50007a6daea",
      "time": "1732705312195000000",
      "tradeId": "5739908924717069",
      "type": "match",
      "time_received": "11:01:52.2425"
    },
    {
      "makerOrderId": "6746fc1bb38d120007a8ef63",
      "price": "1.15749",
      "sequence": "5739908924717072",
      "side": "sell",
      "size": "43.1",
      "symbol": "WOD-USDT",
      "takerOrderId": "6746fc202033a50007a6daea",
      "time": "1732705312195000000",
      "tradeId": "5739908924717072",
      "type": "match",
      "time_received": "11:01:52.2426"
    },
    {
      "makerOrderId": "6746fc1c754b1e0007e5a9fc",
      "price": "1.1424",
      "sequence": "5739908924717075",
      "side": "sell",
      "size": "87.5",
      "symbol": "WOD-USDT",
      "takerOrderId": "6746fc202033a50007a6daea",
      "time": "1732705312195000000",
      "tradeId": "5739908924717075",
      "type": "match",
      "time_received": "11:01:52.2427"
    },
    {
      "makerOrderId": "6746fc1c33b8f300078f9732",
      "price": "1.1223",
      "sequence": "5739908924717078",
      "side": "sell",
      "size": "623.7",
      "symbol": "WOD-USDT",
      "takerOrderId": "6746fc202033a50007a6daea",
      "time": "1732705312195000000",
      "tradeId": "5739908924717078",
      "type": "match",
      "time_received": "11:01:52.2427"
    },
    {
      "makerOrderId": "6746fc1a439c1000070bb9b7",
      "price": "1.11111",
      "sequence": "5739908924717081",
      "side": "sell",
      "size": "28.6",
      "symbol": "WOD-USDT",
      "takerOrderId": "6746fc202033a50007a6daea",
      "time": "1732705312195000000",
      "tradeId": "5739908924717081",
      "type": "match",
      "time_received": "11:01:52.2427"
    },
    {
      "makerOrderId": "6746fc0e5a555000073bf9fa",
      "price": "1.1",
      "sequence": "5739908924717084",
      "side": "sell",
      "size": "372.3",
      "symbol": "WOD-USDT",
      "takerOrderId": "6746fc202033a50007a6daea",
      "time": "1732705312195000000",
      "tradeId": "5739908924717084",
      "type": "match",
      "time_received": "11:01:52.2428"
    },
    {
      "makerOrderId": "6746fc0e5a555000073bf9fa",
      "price": "1.1",
      "sequence": "5739908928387073",
      "side": "sell",
      "size": "606.6",
      "symbol": "WOD-USDT",
      "takerOrderId": "6746fc209e4e400007f31f91",
      "time": "1732705312204000000",
      "tradeId": "5739908928387073",
      "type": "match",
      "time_received": "11:01:52.2478"
    },
    {
      "makerOrderId": "6746fc0e5a555000073bf9fa",
      "price": "1.1",
      "sequence": "5739908929697793",
      "side": "sell",
      "size": "3064.6",
      "symbol": "WOD-USDT",
      "takerOrderId": "6746fc20725fc60007356521",
      "time": "1732705312210000000",
      "tradeId": "5739908929697793",
      "type": "match",
      "time_received": "11:01:52.2569"
    },
    {
      "makerOrderId": "6746fc0e5a555000073bf9fa",
      "price": "1.1",
      "sequence": "5739908931008513",
      "side": "sell",
      "size": "2254.2",
      "symbol": "WOD-USDT",
      "takerOrderId": "6746fc20e21c740007c01757",
      "time": "1732705312214000000",
      "tradeId": "5739908931008513",
      "type": "match",
      "time_received": "11:01:52.2649"
    },
    {
      "makerOrderId": "6746fc0e5a555000073bf9fa",
      "price": "1.1",
      "sequence": "5739909276383233",
      "side": "sell",
      "size": "49.5",
      "symbol": "WOD-USDT",
      "takerOrderId": "6746fc21e21c740007c01d80",
      "time": "1732705313347000000",
      "tradeId": "5739909276383233",
      "type": "match",
      "time_received": "11:01:53.3984"
    },
    {
      "makerOrderId": "6746fc21dcdd7b000745518d",
      "price": "1.25",
      "sequence": "5739909519783937",
      "side": "sell",
      "size": "147.8",
      "symbol": "WOD-USDT",
      "takerOrderId": "6746fc22e21c740007c02251",
      "time": "1732705314189000000",
      "tradeId": "5739909519783937",
      "type": "match",
      "time_received": "11:01:54.2391"
    },
    {
      "makerOrderId": "6746fc21b26bfb00070a21e2",
      "price": "1.10572",
      "sequence": "5739909561202689",
      "side": "sell",
      "size": "20",
      "symbol": "WOD-USDT",
      "takerOrderId": "6746fc22ba86a000073f09b1",
      "time": "1732705314314000000",
      "tradeId": "5739909561202689",
      "type": "match",
      "time_received": "11:01:54.3637"
    },
    {
      "makerOrderId": "6746fc0e5a555000073bf9fa",
      "price": "1.1",
      "sequence": "5739909561202692",
      "side": "sell",
      "size": "17.9",
      "symbol": "WOD-USDT",
      "takerOrderId": "6746fc22ba86a000073f09b1",
      "time": "1732705314314000000",
      "tradeId": "5739909561202692",
      "type": "match",
      "time_received": "11:01:54.3639"
    },
    {
      "makerOrderId": "6746fc20439c1000070bde26",
      "price": "1.1",
      "sequence": "5739909981812737",
      "side": "sell",
      "size": "78",
      "symbol": "WOD-USDT",
      "takerOrderId": "6746fc23725fc60007357814",
      "time": "1732705315514000000",
      "tradeId": "5739909981812737",
      "type": "match",
      "time_received": "11:01:55.5614"
    },
    {
      "makerOrderId": "6746fc20439c1000070bde26",
      "price": "1.1",
      "sequence": "5739909999245313",
      "side": "sell",
      "size": "292.4",
      "symbol": "WOD-USDT",
      "takerOrderId": "6746fc235a555000073c7e2c",
      "time": "1732705315572000000",
      "tradeId": "5739909999245313",
      "type": "match",
      "time_received": "11:01:55.6174"
    },
    {
      "makerOrderId": "6746fc0f33b8f300078f4750",
      "price": "1.09295",
      "sequence": "5739909999245316",
      "side": "sell",
      "size": "14.5",
      "symbol": "WOD-USDT",
      "takerOrderId": "6746fc235a555000073c7e2c",
      "time": "1732705315572000000",
      "tradeId": "5739909999245316",
      "type": "match",
      "time_received": "11:01:55.6175"
    },
    {
      "makerOrderId": "6746fc0f33b8f300078f4750",
      "price": "1.09295",
      "sequence": "5739910015498241",
      "side": "sell",
      "size": "7.6",
      "symbol": "WOD-USDT",
      "takerOrderId": "6746fc23754b1e0007e5d780",
      "time": "1732705315643000000",
      "tradeId": "5739910015498241",
      "type": "match",
      "time_received": "11:01:55.6947"
    },
    {
      "makerOrderId": "6746fc19725fc60007353c8c",
      "price": "1.08521",
      "sequence": "5739910015498244",
      "side": "sell",
      "size": "78.9",
      "symbol": "WOD-USDT",
      "takerOrderId": "6746fc23754b1e0007e5d780",
      "time": "1732705315643000000",
      "tradeId": "5739910015498244",
      "type": "match",
      "time_received": "11:01:55.6948"
    },
    {
      "makerOrderId": "6746fc19725fc60007353c8c",
      "price": "1.08521",
      "sequence": "5739910101350401",
      "side": "sell",
      "size": "156.9",
      "symbol": "WOD-USDT",
      "takerOrderId": "6746fc238b053b0007182b04",
      "time": "1732705315901000000",
      "tradeId": "5739910101350401",
      "type": "match",
      "time_received": "11:01:55.9504"
    },
    {
      "makerOrderId": "6746fc19725fc60007353c8c",
      "price": "1.08521",
      "sequence": "5739910140016641",
      "side": "sell",
      "size": "38.2",
      "symbol": "WOD-USDT",
      "takerOrderId": "6746fc2433b8f300078fc775",
      "time": "1732705316050000000",
      "tradeId": "5739910140016641",
      "type": "match",
      "time_received": "11:01:56.0989"
    },
    {
      "makerOrderId": "6746fc2433b8f300078fc775",
      "price": "1.072",
      "sequence": "5739910141065217",
      "side": "buy",
      "size": "14.6",
      "symbol": "WOD-USDT",
      "takerOrderId": "6746fc24dcdd7b0007455f5d",
      "time": "1732705316054000000",
      "tradeId": "5739910141065217",
      "type": "match",
      "time_received": "11:01:56.1048"
    },
    {
      "makerOrderId": "6746fc24eaedf50007c9f8fd",
      "price": "1.03275",
      "sequence": "5739910313555969",
      "side": "buy",
      "size": "25.3",
      "symbol": "WOD-USDT",
      "takerOrderId": "6746fc24439c1000070bf553",
      "time": "1732705316507000000",
      "tradeId": "5739910313555969",
      "type": "match",
      "time_received": "11:01:56.5568"
    },
    {
      "makerOrderId": "6746fc24f61fa0000797eb22",
      "price": "1.00001",
      "sequence": "5739910810712065",
      "side": "sell",
      "size": "13",
      "symbol": "WOD-USDT",
      "takerOrderId": "6746fc25b38d120007a93148",
      "time": "1732705317971000000",
      "tradeId": "5739910810712065",
      "type": "match",
      "time_received": "11:01:58.0227"
    },
    {
      "makerOrderId": "6746fc23a69a4c0007850445",
      "price": "1",
      "sequence": "5739910810712068",
      "side": "sell",
      "size": "99.1",
      "symbol": "WOD-USDT",
      "takerOrderId": "6746fc25b38d120007a93148",
      "time": "1732705317971000000",
      "tradeId": "5739910810712068",
      "type": "match",
      "time_received": "11:01:58.0228"
    },
    {
      "makerOrderId": "6746fc25b38d120007a93148",
      "price": "0.9856",
      "sequence": "5739911010859009",
      "side": "buy",
      "size": "17.6",
      "symbol": "WOD-USDT",
      "takerOrderId": "6746fc26754b1e0007e5e944",
      "time": "1732705318679000000",
      "tradeId": "5739911010859009",
      "type": "match",
      "time_received": "11:01:58.7283"
    },
    {
      "makerOrderId": "6746fc26b38d120007a935c9",
      "price": "0.98557",
      "sequence": "5739911673559041",
      "side": "buy",
      "size": "28.8",
      "symbol": "WOD-USDT",
      "takerOrderId": "6746fc288b053b00071846b8",
      "time": "1732705320449000000",
      "tradeId": "5739911673559041",
      "type": "match",
      "time_received": "11:02:00.4985"
    },
    {
      "makerOrderId": "6746fc25b38d120007a93148",
      "price": "0.9856",
      "sequence": "5739911673559044",
      "side": "buy",
      "size": "21.2",
      "symbol": "WOD-USDT",
      "takerOrderId": "6746fc288b053b00071846b8",
      "time": "1732705320449000000",
      "tradeId": "5739911673559044",
      "type": "match",
      "time_received": "11:02:00.4986"
    },
    {
      "makerOrderId": "6746fc06439c1000070b428a",
      "price": "0.96302",
      "sequence": "5739911723759617",
      "side": "sell",
      "size": "120.6",
      "symbol": "WOD-USDT",
      "takerOrderId": "6746fc28dcdd7b0007457b43",
      "time": "1732705320562000000",
      "tradeId": "5739911723759617",
      "type": "match",
      "time_received": "11:02:00.6116"
    },
    {
      "makerOrderId": "6746fbf45a555000073b4b73",
      "price": "0.95",
      "sequence": "5739911723759620",
      "side": "sell",
      "size": "369.2",
      "symbol": "WOD-USDT",
      "takerOrderId": "6746fc28dcdd7b0007457b43",
      "time": "1732705320562000000",
      "tradeId": "5739911723759620",
      "type": "match",
      "time_received": "11:02:00.6117"
    },
    {
      "makerOrderId": "6746fc28dcdd7b0007457b43",
      "price": "0.95",
      "sequence": "5739911766882305",
      "side": "buy",
      "size": "290.5",
      "symbol": "WOD-USDT",
      "takerOrderId": "6746fc285a555000073c9ca2",
      "time": "1732705320662000000",
      "tradeId": "5739911766882305",
      "type": "match",
      "time_received": "11:02:00.7112"
    },
    {
      "makerOrderId": "6746fc25b38d120007a93148",
      "price": "0.9856",
      "sequence": "5739911766882308",
      "side": "buy",
      "size": "20.3",
      "symbol": "WOD-USDT",
      "takerOrderId": "6746fc285a555000073c9ca2",
      "time": "1732705320662000000",
      "tradeId": "5739911766882308",
      "type": "match",
      "time_received": "11:02:00.7114"
    },
    {
      "makerOrderId": "6746fc28b38d120007a94100",
      "price": "0.99999",
      "sequence": "5739911766882311",
      "side": "buy",
      "size": "36.2",
      "symbol": "WOD-USDT",
      "takerOrderId": "6746fc285a555000073c9ca2",
      "time": "1732705320662000000",
      "tradeId": "5739911766882311",
      "type": "match",
      "time_received": "11:02:00.7114"
    },
    {
      "makerOrderId": "6746fc28812d40000718d637",
      "price": "1.00001",
      "sequence": "5739911807252481",
      "side": "sell",
      "size": "98.3",
      "symbol": "WOD-USDT",
      "takerOrderId": "6746fc28b38d120007a94379",
      "time": "1732705320780000000",
      "tradeId": "5739911807252481",
      "type": "match",
      "time_received": "11:02:00.8311"
    },
    {
      "makerOrderId": "6746fc285a555000073c9ca2",
      "price": "1",
      "sequence": "5739911807252484",
      "side": "sell",
      "size": "3.4",
      "symbol": "WOD-USDT",
      "takerOrderId": "6746fc28b38d120007a94379",
      "time": "1732705320780000000",
      "tradeId": "5739911807252484",
      "type": "match",
      "time_received": "11:02:00.8313"
    },
    {
      "makerOrderId": "6746fc299e4e400007f35929",
      "price": "1.03271",
      "sequence": "5739912300476417",
      "side": "buy",
      "size": "10",
      "symbol": "WOD-USDT",
      "takerOrderId": "6746fc299e4e400007f35b76",
      "time": "1732705321849000000",
      "tradeId": "5739912300476417",
      "type": "match",
      "time_received": "11:02:01.8972"
    },
    {
      "makerOrderId": "6746fc281adbea0007de762c",
      "price": "1.00001",
      "sequence": "5739912980084737",
      "side": "sell",
      "size": "196.7",
      "symbol": "WOD-USDT",
      "takerOrderId": "6746fc2b33b8f300078ff91f",
      "time": "1732705323623000000",
      "tradeId": "5739912980084737",
      "type": "match",
      "time_received": "11:02:03.6719"
    },
    {
      "makerOrderId": "6746fc28725fc60007359a0f",
      "price": "1.00001",
      "sequence": "5739912980084740",
      "side": "sell",
      "size": "53.7",
      "symbol": "WOD-USDT",
      "takerOrderId": "6746fc2b33b8f300078ff91f",
      "time": "1732705323623000000",
      "tradeId": "5739912980084740",
      "type": "match",
      "time_received": "11:02:03.6720"
    },
    {
      "makerOrderId": "6746fc2ce21c740007c06319",
      "price": "1.00002",
      "sequence": "5739913310124033",
      "side": "sell",
      "size": "86.6",
      "symbol": "WOD-USDT",
      "takerOrderId": "6746fc2cb26bfb00070a65aa",
      "time": "1732705324530000000",
      "tradeId": "5739913310124033",
      "type": "match",
      "time_received": "11:02:04.5782"
    },
    {
      "makerOrderId": "6746fc325a555000073cdb17",
      "price": "1.03251",
      "sequence": "5739915539134465",
      "side": "buy",
      "size": "28.9",
      "symbol": "WOD-USDT",
      "takerOrderId": "6746fc32812d400007191365",
      "time": "1732705330787000000",
      "tradeId": "5739915539134465",
      "type": "match",
      "time_received": "11:02:10.8353"
    },
    {
      "makerOrderId": "6746fc3414a8920007b6690c",
      "price": "1.03248",
      "sequence": "5739916314294273",
      "side": "buy",
      "size": "20.3",
      "symbol": "WOD-USDT",
      "takerOrderId": "6746fc34ef434f0007c33889",
      "time": "1732705332988000000",
      "tradeId": "5739916314294273",
      "type": "match",
      "time_received": "11:02:13.0376"
    },
    {
      "makerOrderId": "6746fc349e4e400007f39bb9",
      "price": "1.03248",
      "sequence": "5739916314294276",
      "side": "buy",
      "size": "24.4",
      "symbol": "WOD-USDT",
      "takerOrderId": "6746fc34ef434f0007c33889",
      "time": "1732705332988000000",
      "tradeId": "5739916314294276",
      "type": "match",
      "time_received": "11:02:13.0376"
    },
    {
      "makerOrderId": "6746fc33b26bfb00070a8d79",
      "price": "1.03251",
      "sequence": "5739916338935809",
      "side": "buy",
      "size": "14.9",
      "symbol": "WOD-USDT",
      "takerOrderId": "6746fc35ba86a000073f1524",
      "time": "1732705333072000000",
      "tradeId": "5739916338935809",
      "type": "match",
      "time_received": "11:02:13.1225"
    },
    {
      "makerOrderId": "6746fc36b6d5080007df80f0",
      "price": "1.03252",
      "sequence": "5739916759414785",
      "side": "sell",
      "size": "90.5",
      "symbol": "WOD-USDT",
      "takerOrderId": "6746fc36b6d5080007df8183",
      "time": "1732705334236000000",
      "tradeId": "5739916759414785",
      "type": "match",
      "time_received": "11:02:14.2918"
    },
    {
      "makerOrderId": "6746fc3514a8920007b66f15",
      "price": "1.03251",
      "sequence": "5739916759414788",
      "side": "sell",
      "size": "196.7",
      "symbol": "WOD-USDT",
      "takerOrderId": "6746fc36b6d5080007df8183",
      "time": "1732705334236000000",
      "tradeId": "5739916759414788",
      "type": "match",
      "time_received": "11:02:14.2919"
    },
    {
      "makerOrderId": "6746fc34ef434f0007c33889",
      "price": "1.0325",
      "sequence": "5739916759414791",
      "side": "sell",
      "size": "24.1",
      "symbol": "WOD-USDT",
      "takerOrderId": "6746fc36b6d5080007df8183",
      "time": "1732705334236000000",
      "tradeId": "5739916759414791",
      "type": "match",
      "time_received": "11:02:14.2919"
    },
    {
      "makerOrderId": "6746fc355e5d4c00075205d9",
      "price": "1.01491",
      "sequence": "5739916759414794",
      "side": "sell",
      "size": "45.3",
      "symbol": "WOD-USDT",
      "takerOrderId": "6746fc36b6d5080007df8183",
      "time": "1732705334236000000",
      "tradeId": "5739916759414794",
      "type": "match",
      "time_received": "11:02:14.2920"
    },
    {
      "makerOrderId": "6746fc35eaedf50007ca651f",
      "price": "1.01459",
      "sequence": "5739916759414797",
      "side": "sell",
      "size": "49.2",
      "symbol": "WOD-USDT",
      "takerOrderId": "6746fc36b6d5080007df8183",
      "time": "1732705334236000000",
      "tradeId": "5739916759414797",
      "type": "match",
      "time_received": "11:02:14.2920"
    },
    {
      "makerOrderId": "6746fc368b053b0007189b19",
      "price": "1.01459",
      "sequence": "5739916759414800",
      "side": "sell",
      "size": "49.2",
      "symbol": "WOD-USDT",
      "takerOrderId": "6746fc36b6d5080007df8183",
      "time": "1732705334236000000",
      "tradeId": "5739916759414800",
      "type": "match",
      "time_received": "11:02:14.2920"
    },
    {
      "makerOrderId": "6746fc3533b8f30007903630",
      "price": "1.006",
      "sequence": "5739916759414803",
      "side": "sell",
      "size": "24.8",
      "symbol": "WOD-USDT",
      "takerOrderId": "6746fc36b6d5080007df8183",
      "time": "1732705334236000000",
      "tradeId": "5739916759414803",
      "type": "match",
      "time_received": "11:02:14.2921"
    },
    {
      "makerOrderId": "6746fc361adbea0007dec60b",
      "price": "1.006",
      "sequence": "5739916759414806",
      "side": "sell",
      "size": "24.8",
      "symbol": "WOD-USDT",
      "takerOrderId": "6746fc36b6d5080007df8183",
      "time": "1732705334236000000",
      "tradeId": "5739916759414806",
      "type": "match",
      "time_received": "11:02:14.2921"
    },
    {
      "makerOrderId": "6746fc35ef434f0007c33d71",
      "price": "1.004",
      "sequence": "5739916759414809",
      "side": "sell",
      "size": "24.9",
      "symbol": "WOD-USDT",
      "takerOrderId": "6746fc36b6d5080007df8183",
      "time": "1732705334236000000",
      "tradeId": "5739916759414809",
      "type": "match",
      "time_received": "11:02:14.2921"
    },
    {
      "makerOrderId": "6746fc35e21c740007c096ef",
      "price": "1.002",
      "sequence": "5739916759414812",
      "side": "sell",
      "size": "24.9",
      "symbol": "WOD-USDT",
      "takerOrderId": "6746fc36b6d5080007df8183",
      "time": "1732705334236000000",
      "tradeId": "5739916759414812",
      "type": "match",
      "time_received": "11:02:14.2921"
    },
    {
      "makerOrderId": "6746fc32b6d5080007df6c9b",
      "price": "1.00002",
      "sequence": "5739916759414815",
      "side": "sell",
      "size": "147.7",
      "symbol": "WOD-USDT",
      "takerOrderId": "6746fc36b6d5080007df8183",
      "time": "1732705334236000000",
      "tradeId": "5739916759414815",
      "type": "match",
      "time_received": "11:02:14.2929"
    },
    {
      "makerOrderId": "6746fc285a555000073c9ca2",
      "price": "1",
      "sequence": "5739916759414818",
      "side": "sell",
      "size": "158.4",
      "symbol": "WOD-USDT",
      "takerOrderId": "6746fc36b6d5080007df8183",
      "time": "1732705334236000000",
      "tradeId": "5739916759414818",
      "type": "match",
      "time_received": "11:02:14.2929"
    },
    {
      "makerOrderId": "6746fc2cf61fa00007981cf0",
      "price": "1",
      "sequence": "5739916759414821",
      "side": "sell",
      "size": "517.7",
      "symbol": "WOD-USDT",
      "takerOrderId": "6746fc36b6d5080007df8183",
      "time": "1732705334236000000",
      "tradeId": "5739916759414821",
      "type": "match",
      "time_received": "11:02:14.2930"
    },
    {
      "makerOrderId": "6746fc2cef434f0007c3070f",
      "price": "1",
      "sequence": "5739916759414824",
      "side": "sell",
      "size": "59",
      "symbol": "WOD-USDT",
      "takerOrderId": "6746fc36b6d5080007df8183",
      "time": "1732705334236000000",
      "tradeId": "5739916759414824",
      "type": "match",
      "time_received": "11:02:14.2930"
    },
    {
      "makerOrderId": "6746fc31725fc6000735cf00",
      "price": "1",
      "sequence": "5739916759414827",
      "side": "sell",
      "size": "13.9",
      "symbol": "WOD-USDT",
      "takerOrderId": "6746fc36b6d5080007df8183",
      "time": "1732705334236000000",
      "tradeId": "5739916759414827",
      "type": "match",
      "time_received": "11:02:14.2931"
    },
    {
      "makerOrderId": "6746fc33633e91000751c047",
      "price": "1",
      "sequence": "5739916759414830",
      "side": "sell",
      "size": "5521.6",
      "symbol": "WOD-USDT",
      "takerOrderId": "6746fc36b6d5080007df8183",
      "time": "1732705334236000000",
      "tradeId": "5739916759414830",
      "type": "match",
      "time_received": "11:02:14.2931"
    },
    {
      "makerOrderId": "6746fc3bb38d120007a9b982",
      "price": "1.02061",
      "sequence": "5739918814623745",
      "side": "sell",
      "size": "15.8",
      "symbol": "WOD-USDT",
      "takerOrderId": "6746fc3c1adbea0007deed51",
      "time": "1732705340311000000",
      "tradeId": "5739918814623745",
      "type": "match",
      "time_received": "11:02:20.3613"
    },
    {
      "makerOrderId": "6746fc3b8b053b000718bd71",
      "price": "1.0206",
      "sequence": "5739918814623748",
      "side": "sell",
      "size": "24.4",
      "symbol": "WOD-USDT",
      "takerOrderId": "6746fc3c1adbea0007deed51",
      "time": "1732705340311000000",
      "tradeId": "5739918814623748",
      "type": "match",
      "time_received": "11:02:20.3614"
    },
    {
      "makerOrderId": "6746fc3c33b8f30007905bcb",
      "price": "1.00005",
      "sequence": "5739918814623751",
      "side": "sell",
      "size": "63.4",
      "symbol": "WOD-USDT",
      "takerOrderId": "6746fc3c1adbea0007deed51",
      "time": "1732705340311000000",
      "tradeId": "5739918814623751",
      "type": "match",
      "time_received": "11:02:20.3614"
    },
    {
      "makerOrderId": "6746fc3b1adbea0007dee9d3",
      "price": "1.00004",
      "sequence": "5739918814623754",
      "side": "sell",
      "size": "34.2",
      "symbol": "WOD-USDT",
      "takerOrderId": "6746fc3c1adbea0007deed51",
      "time": "1732705340311000000",
      "tradeId": "5739918814623754",
      "type": "match",
      "time_received": "11:02:20.3616"
    },
    {
      "makerOrderId": "6746fc398b053b000718b16e",
      "price": "1.00001",
      "sequence": "5739918814623757",
      "side": "sell",
      "size": "102.1",
      "symbol": "WOD-USDT",
      "takerOrderId": "6746fc3c1adbea0007deed51",
      "time": "1732705340311000000",
      "tradeId": "5739918814623757",
      "type": "match",
      "time_received": "11:02:20.3618"
    },
    {
      "makerOrderId": "6746fc33633e91000751c047",
      "price": "1",
      "sequence": "5739918814623760",
      "side": "sell",
      "size": "1698.6",
      "symbol": "WOD-USDT",
      "takerOrderId": "6746fc3c1adbea0007deed51",
      "time": "1732705340311000000",
      "tradeId": "5739918814623760",
      "type": "match",
      "time_received": "11:02:20.3618"
    },
    {
      "makerOrderId": "6746fc33633e91000751c047",
      "price": "1",
      "sequence": "5739918814754817",
      "side": "sell",
      "size": "1457.6",
      "symbol": "WOD-USDT",
      "takerOrderId": "6746fc3ce21c740007c0c229",
      "time": "1732705340311000000",
      "tradeId": "5739918814754817",
      "type": "match",
      "time_received": "11:02:20.3618"
    },
    {
      "makerOrderId": "6746fc33633e91000751c047",
      "price": "1",
      "sequence": "5739918816458753",
      "side": "sell",
      "size": "971.5",
      "symbol": "WOD-USDT",
      "takerOrderId": "6746fc3c14a8920007b697bc",
      "time": "1732705340317000000",
      "tradeId": "5739918816458753",
      "type": "match",
      "time_received": "11:02:20.3674"
    },
    {
      "makerOrderId": "6746fc33633e91000751c047",
      "price": "1",
      "sequence": "5739919125657601",
      "side": "sell",
      "size": "99.4",
      "symbol": "WOD-USDT",
      "takerOrderId": "6746fc3d8b053b000718c7ac",
      "time": "1732705341140000000",
      "tradeId": "5739919125657601",
      "type": "match",
      "time_received": "11:02:21.1899"
    },
    {
      "makerOrderId": "6746fc33633e91000751c047",
      "price": "1",
      "sequence": "5739919305488385",
      "side": "sell",
      "size": "27.3",
      "symbol": "WOD-USDT",
      "takerOrderId": "6746fc3ddcdd7b000745fdff",
      "time": "1732705341740000000",
      "tradeId": "5739919305488385",
      "type": "match",
      "time_received": "11:02:21.7889"
    },
    {
      "makerOrderId": "6746fc33633e91000751c047",
      "price": "1",
      "sequence": "5739919596992513",
      "side": "sell",
      "size": "224",
      "symbol": "WOD-USDT",
      "takerOrderId": "6746fc3e2033a50007a79490",
      "time": "1732705342414000000",
      "tradeId": "5739919596992513",
      "type": "match",
      "time_received": "11:02:22.4630"
    },
    {
      "makerOrderId": "6746fc3def434f0007c36e1e",
      "price": "1",
      "sequence": "5739919596992516",
      "side": "sell",
      "size": "10",
      "symbol": "WOD-USDT",
      "takerOrderId": "6746fc3e2033a50007a79490",
      "time": "1732705342414000000",
      "tradeId": "5739919596992516",
      "type": "match",
      "time_received": "11:02:22.4630"
    },
    {
      "makerOrderId": "6746fc3deaedf50007ca9769",
      "price": "0.99324",
      "sequence": "5739919596992519",
      "side": "sell",
      "size": "10",
      "symbol": "WOD-USDT",
      "takerOrderId": "6746fc3e2033a50007a79490",
      "time": "1732705342414000000",
      "tradeId": "5739919596992519",
      "type": "match",
      "time_received": "11:02:22.4631"
    },
    {
      "makerOrderId": "6746fc30b26bfb00070a7df2",
      "price": "0.99",
      "sequence": "5739919596992522",
      "side": "sell",
      "size": "248.5",
      "symbol": "WOD-USDT",
      "takerOrderId": "6746fc3e2033a50007a79490",
      "time": "1732705342414000000",
      "tradeId": "5739919596992522",
      "type": "match",
      "time_received": "11:02:22.4631"
    },
    {
      "makerOrderId": "6746fc30b26bfb00070a7df2",
      "price": "0.99",
      "sequence": "5739919899113473",
      "side": "sell",
      "size": "98.4",
      "symbol": "WOD-USDT",
      "takerOrderId": "6746fc3f8b053b000718d3e3",
      "time": "1732705343329000000",
      "tradeId": "5739919899113473",
      "type": "match",
      "time_received": "11:02:23.3795"
    },
    {
      "makerOrderId": "6746fc40439c1000070ca043",
      "price": "0.99251",
      "sequence": "5739920451713025",
      "side": "sell",
      "size": "38",
      "symbol": "WOD-USDT",
      "takerOrderId": "6746fc4114a8920007b6b2f3",
      "time": "1732705345094000000",
      "tradeId": "5739920451713025",
      "type": "match",
      "time_received": "11:02:25.1464"
    },
    {
      "makerOrderId": "6746fc409e4e400007f3e38c",
      "price": "0.99251",
      "sequence": "5739920451713028",
      "side": "sell",
      "size": "19",
