{
  "metadata": {
    "symbol": "CHILLGUY",
    "channel": "match",
    "start_time": "11:59:30.0000",
    "release_time": "12:00:00.0000",
    "end_time": "12:20:00.0000",
    "total_messages": 686,
    "final_snapshot": {
      "time": "12:20:00.0170",
      "symbol": "CHILLGUY-USDT",
      "price_high": "0.7066",
      "price_last": "0.6378",
      "price_low": "0.3",
      "price_avg": null,
      "volValue_USDT": "119780.199677"
    }
  },
  "data": [
    {
      "price": "0.3",
      "sequence": "5741142454712321",
      "side": "sell",
      "size": "5",
      "symbol": "CHILLGUY-USDT",
      "time": "1732708800000000000",
      "tradeId": "5741142454712321",
      "type": "match",
      "time_received": "12:00:00.2012"
    },
    {
      "makerOrderId": "674709b2e21c74000710abec",
      "price": "0.7",
      "sequence": "5741142508451841",
      "side": "buy",
      "size": "140",
      "symbol": "CHILLGUY-USDT",
      "takerOrderId": "674709c0b38d120007f9e65c",
      "time": "1732708800231000000",
      "tradeId": "5741142508451841",
      "type": "match",
      "time_received": "12:00:00.2723"
    },
    {
      "makerOrderId": "674709c0eaedf500071aac10",
      "price": "0.67",
      "sequence": "5741142549477377",
      "side": "sell",
      "size": "150",
      "symbol": "CHILLGUY-USDT",
      "takerOrderId": "674709c09e4e40000743f098",
      "time": "1732708800285000000",
      "tradeId": "5741142549477377",
      "type": "match",
      "time_received": "12:00:00.3318"
    },
    {
      "makerOrderId": "674709c0725fc60007863cdb",
      "price": "0.67",
      "sequence": "5741142553278465",
      "side": "sell",
      "size": "120",
      "symbol": "CHILLGUY-USDT",
      "takerOrderId": "674709c014a892000706b21d",
      "time": "1732708800288000000",
      "tradeId": "5741142553278465",
      "type": "match",
      "time_received": "12:00:00.3321"
    },
    {
      "makerOrderId": "674709b2e21c74000710abec",
      "price": "0.7",
      "sequence": "5741142654859265",
      "side": "buy",
      "size": "60",
      "symbol": "CHILLGUY-USDT",
      "takerOrderId": "674709c02033a50007f7abe9",
      "time": "1732708800445000000",
      "tradeId": "5741142654859265",
      "type": "match",
      "time_received": "12:00:00.4840"
    },
    {
      "makerOrderId": "674709c5eaedf500071ad52b",
      "price": "0.7066",
      "sequence": "5741145008125953",
      "side": "sell",
      "size": "67.99",
      "symbol": "CHILLGUY-USDT",
      "takerOrderId": "674709c59e4e400007441911",
      "time": "1732708805701000000",
      "tradeId": "5741145008125953",
      "type": "match",
      "time_received": "12:00:05.7378"
    },
    {
      "makerOrderId": "674709c5754b1e000736c175",
      "price": "0.7065",
      "sequence": "5741145008125956",
      "side": "sell",
      "size": "283.08",
      "symbol": "CHILLGUY-USDT",
      "takerOrderId": "674709c59e4e400007441911",
      "time": "1732708805701000000",
      "tradeId": "5741145008125956",
      "type": "match",
      "time_received": "12:00:05.7380"
    },
    {
      "makerOrderId": "674709c05a555000078d408d",
      "price": "0.7",
      "sequence": "5741145008125959",
      "side": "sell",
      "size": "40",
      "symbol": "CHILLGUY-USDT",
      "takerOrderId": "674709c59e4e400007441911",
      "time": "1732708805701000000",
      "tradeId": "5741145008125959",
      "type": "match",
      "time_received": "12:00:05.7380"
    },
    {
      "makerOrderId": "674709c5725fc600078663ea",
      "price": "0.7",
      "sequence": "5741145008125962",
      "side": "sell",
      "size": "40.14",
      "symbol": "CHILLGUY-USDT",
      "takerOrderId": "674709c59e4e400007441911",
      "time": "1732708805701000000",
      "tradeId": "5741145008125962",
      "type": "match",
      "time_received": "12:00:05.7382"
    },
    {
      "makerOrderId": "674709c1dcdd7b00079616d8",
      "price": "0.6749",
      "sequence": "5741146245052417",
      "side": "sell",
      "size": "74.08",
      "symbol": "CHILLGUY-USDT",
      "takerOrderId": "674709c8754b1e000736dd62",
      "time": "1732708808123000000",
      "tradeId": "5741146245052417",
      "type": "match",
      "time_received": "12:00:08.1599"
    },
    {
      "makerOrderId": "674709c8dcdd7b0007965622",
      "price": "0.6748",
      "sequence": "5741146529085441",
      "side": "buy",
      "size": "1.94",
      "symbol": "CHILLGUY-USDT",
      "takerOrderId": "674709c8f61fa00007e8e829",
      "time": "1732708808930000000",
      "tradeId": "5741146529085441",
      "type": "match",
      "time_received": "12:00:08.9711"
    },
    {
      "makerOrderId": "674709c8dcdd7b0007965622",
      "price": "0.6748",
      "sequence": "5741147035678721",
      "side": "buy",
      "size": "1.49",
      "symbol": "CHILLGUY-USDT",
      "takerOrderId": "674709ca5a555000078d8dfe",
      "time": "1732708810183000000",
      "tradeId": "5741147035678721",
      "type": "match",
      "time_received": "12:00:10.2256"
    },
    {
      "makerOrderId": "674709c8dcdd7b0007965622",
      "price": "0.6748",
      "sequence": "5741147442919425",
      "side": "buy",
      "size": "12.85",
      "symbol": "CHILLGUY-USDT",
      "takerOrderId": "674709cb812d40000769bf1f",
      "time": "1732708811306000000",
      "tradeId": "5741147442919425",
      "type": "match",
      "time_received": "12:00:11.3451"
    },
    {
      "makerOrderId": "674709c8dcdd7b0007965622",
      "price": "0.6748",
      "sequence": "5741147565471745",
      "side": "buy",
      "size": "4.28",
      "symbol": "CHILLGUY-USDT",
      "takerOrderId": "674709cb1adbea00072f636c",
      "time": "1732708811569000000",
      "tradeId": "5741147565471745",
      "type": "match",
      "time_received": "12:00:11.6101"
    },
    {
      "makerOrderId": "674709c8dcdd7b0007965622",
      "price": "0.6748",
      "sequence": "5741147581331457",
      "side": "buy",
      "size": "1.06",
      "symbol": "CHILLGUY-USDT",
      "takerOrderId": "674709cb33b8f30007e0d77a",
      "time": "1732708811621000000",
      "tradeId": "5741147581331457",
      "type": "match",
      "time_received": "12:00:11.6630"
    },
    {
      "makerOrderId": "674709c5754b1e000736c23c",
      "price": "0.67",
      "sequence": "5741147588671489",
      "side": "sell",
      "size": "283.08",
      "symbol": "CHILLGUY-USDT",
      "takerOrderId": "674709cb1adbea00072f6406",
      "time": "1732708811645000000",
      "tradeId": "5741147588671489",
      "type": "match",
      "time_received": "12:00:11.6818"
    },
    {
      "makerOrderId": "674709c8dcdd7b0007965622",
      "price": "0.6748",
      "sequence": "5741147590768641",
      "side": "buy",
      "size": "37.14",
      "symbol": "CHILLGUY-USDT",
      "takerOrderId": "674709cbeaedf500071b0462",
      "time": "1732708811655000000",
      "tradeId": "5741147590768641",
      "type": "match",
      "time_received": "12:00:11.6966"
    },
    {
      "makerOrderId": "674709c8dcdd7b0007965622",
      "price": "0.6748",
      "sequence": "5741147929851905",
      "side": "buy",
      "size": "1.46",
      "symbol": "CHILLGUY-USDT",
      "takerOrderId": "674709cc2033a50007f805ca",
      "time": "1732708812500000000",
      "tradeId": "5741147929851905",
      "type": "match",
      "time_received": "12:00:12.5432"
    },
    {
      "makerOrderId": "674709c8dcdd7b0007965622",
      "price": "0.6748",
      "sequence": "5741148044277761",
      "side": "buy",
      "size": "22.18",
      "symbol": "CHILLGUY-USDT",
      "takerOrderId": "674709cc14a8920007070f3a",
      "time": "1732708812823000000",
      "tradeId": "5741148044277761",
      "type": "match",
      "time_received": "12:00:12.8645"
    },
    {
      "makerOrderId": "674709c5754b1e000736c23c",
      "price": "0.67",
      "sequence": "5741148115712001",
      "side": "sell",
      "size": "788.68",
      "symbol": "CHILLGUY-USDT",
      "takerOrderId": "674709cce21c7400071145ed",
      "time": "1732708812953000000",
      "tradeId": "5741148115712001",
      "type": "match",
      "time_received": "12:00:12.9927"
    },
    {
      "makerOrderId": "674709c5754b1e000736c23c",
      "price": "0.67",
      "sequence": "5741148269983745",
      "side": "sell",
      "size": "53.17",
      "symbol": "CHILLGUY-USDT",
      "takerOrderId": "674709cd1adbea00072f6e59",
      "time": "1732708813362000000",
      "tradeId": "5741148269983745",
      "type": "match",
      "time_received": "12:00:13.4049"
    },
    {
      "makerOrderId": "674709c5439c1000075cd523",
      "price": "0.67",
      "sequence": "5741148269983748",
      "side": "sell",
      "size": "25.83",
      "symbol": "CHILLGUY-USDT",
      "takerOrderId": "674709cd1adbea00072f6e59",
      "time": "1732708813362000000",
      "tradeId": "5741148269983748",
      "type": "match",
      "time_received": "12:00:13.4051"
    },
    {
      "makerOrderId": "674709cbeaedf500071b046e",
      "price": "0.67",
      "sequence": "5741148269983751",
      "side": "sell",
      "size": "5.97",
      "symbol": "CHILLGUY-USDT",
      "takerOrderId": "674709cd1adbea00072f6e59",
      "time": "1732708813362000000",
      "tradeId": "5741148269983751",
      "type": "match",
      "time_received": "12:00:13.4056"
    },
    {
      "makerOrderId": "674709c0ef434f00071380a1",
      "price": "0.65",
      "sequence": "5741148269983754",
      "side": "sell",
      "size": "180",
      "symbol": "CHILLGUY-USDT",
      "takerOrderId": "674709cd1adbea00072f6e59",
      "time": "1732708813362000000",
      "tradeId": "5741148269983754",
      "type": "match",
      "time_received": "12:00:13.4056"
    },
    {
      "makerOrderId": "674709c08b053b000768e050",
      "price": "0.65",
      "sequence": "5741148269983757",
      "side": "sell",
      "size": "37",
      "symbol": "CHILLGUY-USDT",
      "takerOrderId": "674709cd1adbea00072f6e59",
      "time": "1732708813362000000",
      "tradeId": "5741148269983757",
      "type": "match",
      "time_received": "12:00:13.4057"
    },
    {
      "makerOrderId": "674709c0439c1000075caed0",
      "price": "0.65",
      "sequence": "5741148269983760",
      "side": "sell",
      "size": "100",
      "symbol": "CHILLGUY-USDT",
      "takerOrderId": "674709cd1adbea00072f6e59",
      "time": "1732708813362000000",
      "tradeId": "5741148269983760",
      "type": "match",
      "time_received": "12:00:13.4057"
    },
    {
      "makerOrderId": "674709c0812d400007696aac",
      "price": "0.65",
      "sequence": "5741148269983763",
      "side": "sell",
      "size": "81.7",
      "symbol": "CHILLGUY-USDT",
      "takerOrderId": "674709cd1adbea00072f6e59",
      "time": "1732708813362000000",
      "tradeId": "5741148269983763",
      "type": "match",
      "time_received": "12:00:13.4057"
    },
    {
      "makerOrderId": "674709c85e5d4c0007a292ed",
      "price": "0.6803",
      "sequence": "5741148297115649",
      "side": "buy",
      "size": "5.96",
      "symbol": "CHILLGUY-USDT",
      "takerOrderId": "674709cdb38d120007fa4939",
      "time": "1732708813423000000",
      "tradeId": "5741148297115649",
      "type": "match",
      "time_received": "12:00:13.4637"
    },
    {
      "makerOrderId": "674709cdef434f000713e476",
      "price": "0.6959",
      "sequence": "5741149483841537",
      "side": "buy",
      "size": "4.28",
      "symbol": "CHILLGUY-USDT",
      "takerOrderId": "674709d0754b1e0007370ea5",
      "time": "1732708816052000000",
      "tradeId": "5741149483841537",
      "type": "match",
      "time_received": "12:00:16.0952"
    },
    {
      "makerOrderId": "674709cdef434f000713e476",
      "price": "0.6959",
      "sequence": "5741149937481729",
      "side": "buy",
      "size": "61.88",
      "symbol": "CHILLGUY-USDT",
      "takerOrderId": "674709d1439c1000075d287d",
      "time": "1732708817051000000",
      "tradeId": "5741149937481729",
      "type": "match",
      "time_received": "12:00:17.0841"
    },
    {
      "makerOrderId": "674709cdb6d5080007302dc1",
      "price": "0.6501",
      "sequence": "5741150748555265",
      "side": "sell",
      "size": "19.65",
      "symbol": "CHILLGUY-USDT",
      "takerOrderId": "674709d35a555000078dc804",
      "time": "1732708819445000000",
      "tradeId": "5741150748555265",
      "type": "match",
      "time_received": "12:00:19.4802"
    },
    {
      "makerOrderId": "674709d3b38d120007fa7226",
      "price": "0.6499",
      "sequence": "5741151085672449",
      "side": "buy",
      "size": "57.4",
      "symbol": "CHILLGUY-USDT",
      "takerOrderId": "674709d45a555000078dcd2e",
      "time": "1732708820510000000",
      "tradeId": "5741151085672449",
      "type": "match",
      "time_received": "12:00:20.5519"
    },
    {
      "makerOrderId": "674709d3b38d120007fa7226",
      "price": "0.6499",
      "sequence": "5741151259998209",
      "side": "buy",
      "size": "31.52",
      "symbol": "CHILLGUY-USDT",
      "takerOrderId": "674709d433b8f30007e110aa",
      "time": "1732708820983000000",
      "tradeId": "5741151259998209",
      "type": "match",
      "time_received": "12:00:21.0213"
    },
    {
      "makerOrderId": "674709c09e4e40000743f26e",
      "price": "0.64",
      "sequence": "5741151338379265",
      "side": "sell",
      "size": "30",
      "symbol": "CHILLGUY-USDT",
      "takerOrderId": "674709d5b38d120007fa78e2",
      "time": "1732708821163000000",
      "tradeId": "5741151338379265",
      "type": "match",
      "time_received": "12:00:21.2012"
    },
    {
      "makerOrderId": "674709c02033a50007f7abe8",
      "price": "0.64",
      "sequence": "5741151338379268",
      "side": "sell",
      "size": "160",
      "symbol": "CHILLGUY-USDT",
      "takerOrderId": "674709d5b38d120007fa78e2",
      "time": "1732708821163000000",
      "tradeId": "5741151338379268",
      "type": "match",
      "time_received": "12:00:21.2013"
    },
    {
      "makerOrderId": "674709c0b6d50800072fcb3b",
      "price": "0.63",
      "sequence": "5741151338379271",
      "side": "sell",
      "size": "90",
      "symbol": "CHILLGUY-USDT",
      "takerOrderId": "674709d5b38d120007fa78e2",
      "time": "1732708821163000000",
      "tradeId": "5741151338379271",
      "type": "match",
      "time_received": "12:00:21.2013"
    },
    {
      "makerOrderId": "674709d5b38d120007fa78e2",
      "price": "0.63",
      "sequence": "5741151345063937",
      "side": "buy",
      "size": "33.89",
      "symbol": "CHILLGUY-USDT",
      "takerOrderId": "674709d5f61fa00007e932ad",
      "time": "1732708821187000000",
      "tradeId": "5741151345063937",
      "type": "match",
      "time_received": "12:00:21.2219"
    },
    {
      "makerOrderId": "674709d5b38d120007fa78e2",
      "price": "0.63",
      "sequence": "5741151346636801",
      "side": "buy",
      "size": "33.89",
      "symbol": "CHILLGUY-USDT",
      "takerOrderId": "674709d5dcdd7b000796a2a3",
      "time": "1732708821190000000",
      "tradeId": "5741151346636801",
      "type": "match",
      "time_received": "12:00:21.2302"
    },
    {
      "makerOrderId": "674709d5b38d120007fa78e2",
      "price": "0.63",
      "sequence": "5741151346767873",
      "side": "buy",
      "size": "33.89",
      "symbol": "CHILLGUY-USDT",
      "takerOrderId": "674709d5dcdd7b000796a2a5",
      "time": "1732708821190000000",
      "tradeId": "5741151346767873",
      "type": "match",
      "time_received": "12:00:21.2303"
    },
    {
      "makerOrderId": "674709d5b38d120007fa78e2",
      "price": "0.63",
      "sequence": "5741151347947521",
      "side": "buy",
      "size": "33.89",
      "symbol": "CHILLGUY-USDT",
      "takerOrderId": "674709d51adbea00072f9e61",
      "time": "1732708821193000000",
      "tradeId": "5741151347947521",
      "type": "match",
      "time_received": "12:00:21.2303"
    },
    {
      "makerOrderId": "674709d5b38d120007fa78e2",
      "price": "0.63",
      "sequence": "5741151348209665",
      "side": "buy",
      "size": "33.89",
      "symbol": "CHILLGUY-USDT",
      "takerOrderId": "674709d51adbea00072f9e60",
      "time": "1732708821194000000",
      "tradeId": "5741151348209665",
      "type": "match",
      "time_received": "12:00:21.2305"
    },
    {
      "makerOrderId": "674709d5b38d120007fa78e2",
      "price": "0.63",
      "sequence": "5741151348471809",
      "side": "buy",
      "size": "33.89",
      "symbol": "CHILLGUY-USDT",
      "takerOrderId": "674709d58b053b0007697167",
      "time": "1732708821194000000",
      "tradeId": "5741151348471809",
      "type": "match",
      "time_received": "12:00:21.2305"
    },
    {
      "makerOrderId": "674709d5b38d120007fa78e2",
      "price": "0.63",
      "sequence": "5741151348865025",
      "side": "buy",
      "size": "33.89",
      "symbol": "CHILLGUY-USDT",
      "takerOrderId": "674709d52033a50007f83a5c",
      "time": "1732708821197000000",
      "tradeId": "5741151348865025",
      "type": "match",
      "time_received": "12:00:21.2362"
    },
    {
      "makerOrderId": "674709d5b38d120007fa78e2",
      "price": "0.63",
      "sequence": "5741151351748609",
      "side": "buy",
      "size": "33.89",
      "symbol": "CHILLGUY-USDT",
      "takerOrderId": "674709d514a8920007074222",
      "time": "1732708821209000000",
      "tradeId": "5741151351748609",
      "type": "match",
      "time_received": "12:00:21.2484"
    },
    {
      "makerOrderId": "674709d5b38d120007fa78e2",
      "price": "0.63",
      "sequence": "5741151356991489",
      "side": "buy",
      "size": "33.89",
      "symbol": "CHILLGUY-USDT",
      "takerOrderId": "674709d55e5d4c0007a2dd4c",
      "time": "1732708821221000000",
      "tradeId": "5741151356991489",
      "type": "match",
      "time_received": "12:00:21.2606"
    },
    {
      "makerOrderId": "674709d5b38d120007fa78e2",
      "price": "0.63",
      "sequence": "5741151357122561",
      "side": "buy",
      "size": "15.23",
      "symbol": "CHILLGUY-USDT",
      "takerOrderId": "674709d59e4e40000744814c",
      "time": "1732708821221000000",
      "tradeId": "5741151357122561",
      "type": "match",
      "time_received": "12:00:21.2607"
    },
    {
      "makerOrderId": "674709d5b38d120007fa78e2",
      "price": "0.63",
      "sequence": "5741151358171137",
      "side": "buy",
      "size": "15.23",
      "symbol": "CHILLGUY-USDT",
      "takerOrderId": "674709d58b053b0007697193",
      "time": "1732708821225000000",
      "tradeId": "5741151358171137",
      "type": "match",
      "time_received": "12:00:21.2610"
    },
    {
      "makerOrderId": "674709d5b38d120007fa78e2",
      "price": "0.63",
      "sequence": "5741151359219713",
      "side": "buy",
      "size": "15.23",
      "symbol": "CHILLGUY-USDT",
      "takerOrderId": "674709d5dcdd7b000796a2e3",
      "time": "1732708821226000000",
      "tradeId": "5741151359219713",
      "type": "match",
      "time_received": "12:00:21.2611"
    },
    {
      "makerOrderId": "674709d5b38d120007fa78e2",
      "price": "0.63",
      "sequence": "5741151360137217",
      "side": "buy",
      "size": "399.3",
      "symbol": "CHILLGUY-USDT",
      "takerOrderId": "674709d5725fc6000786ce22",
      "time": "1732708821231000000",
      "tradeId": "5741151360137217",
      "type": "match",
      "time_received": "12:00:21.2683"
    },
    {
      "makerOrderId": "674709d3b38d120007fa7226",
      "price": "0.6499",
      "sequence": "5741151520831489",
      "side": "buy",
      "size": "35.92",
      "symbol": "CHILLGUY-USDT",
      "takerOrderId": "674709d5633e91000758efeb",
      "time": "1732708821714000000",
      "tradeId": "5741151520831489",
      "type": "match",
      "time_received": "12:00:21.7542"
    },
    {
      "makerOrderId": "674709d3b38d120007fa7226",
      "price": "0.6499",
      "sequence": "5741151570900993",
      "side": "buy",
      "size": "139.49",
      "symbol": "CHILLGUY-USDT",
      "takerOrderId": "674709d58b053b0007697487",
      "time": "1732708821862000000",
      "tradeId": "5741151570900993",
      "type": "match",
      "time_received": "12:00:21.8984"
    },
    {
      "makerOrderId": "674709d35a555000078dc99f",
      "price": "0.6499",
      "sequence": "5741152415528961",
      "side": "buy",
      "size": "9.19",
      "symbol": "CHILLGUY-USDT",
      "takerOrderId": "674709d7754b1e0007373b0c",
      "time": "1732708823617000000",
      "tradeId": "5741152415528961",
      "type": "match",
      "time_received": "12:00:23.6559"
    },
    {
      "makerOrderId": "674709d35a555000078dc99f",
      "price": "0.6499",
      "sequence": "5741153177319425",
      "side": "buy",
      "size": "74.09",
      "symbol": "CHILLGUY-USDT",
      "takerOrderId": "674709d92033a50007f855fa",
      "time": "1732708825398000000",
      "tradeId": "5741153177319425",
      "type": "match",
      "time_received": "12:00:25.4364"
    },
    {
      "makerOrderId": "674709d35a555000078dc99f",
      "price": "0.6499",
      "sequence": "5741153624668161",
      "side": "buy",
      "size": "143.84",
      "symbol": "CHILLGUY-USDT",
      "takerOrderId": "674709daf61fa00007e954b3",
      "time": "1732708826608000000",
      "tradeId": "5741153624668161",
      "type": "match",
      "time_received": "12:00:26.6505"
    },
    {
      "makerOrderId": "674709daeaedf500071b61d9",
      "price": "0.6498",
      "sequence": "5741153959819265",
      "side": "buy",
      "size": "139.03",
      "symbol": "CHILLGUY-USDT",
      "takerOrderId": "674709db2033a50007f860f9",
      "time": "1732708827638000000",
      "tradeId": "5741153959819265",
      "type": "match",
      "time_received": "12:00:27.6822"
    },
    {
      "makerOrderId": "674709daeaedf500071b61d9",
      "price": "0.6498",
      "sequence": "5741154490005505",
      "side": "buy",
      "size": "7.11",
      "symbol": "CHILLGUY-USDT",
      "takerOrderId": "674709dc14a8920007077438",
      "time": "1732708828365000000",
      "tradeId": "5741154490005505",
      "type": "match",
      "time_received": "12:00:28.4014"
    },
    {
      "makerOrderId": "674709daeaedf500071b61d9",
      "price": "0.6498",
      "sequence": "5741154882304001",
      "side": "buy",
      "size": "133.43",
      "symbol": "CHILLGUY-USDT",
      "takerOrderId": "674709dd2033a50007f8722a",
      "time": "1732708829311000000",
      "tradeId": "5741154882304001",
      "type": "match",
      "time_received": "12:00:29.3480"
    },
    {
      "makerOrderId": "674709daeaedf500071b61d9",
      "price": "0.6498",
      "sequence": "5741154942859265",
      "side": "buy",
      "size": "76.92",
      "symbol": "CHILLGUY-USDT",
      "takerOrderId": "674709dd9e4e40000744b9e2",
      "time": "1732708829502000000",
      "tradeId": "5741154942859265",
      "type": "match",
      "time_received": "12:00:29.5399"
    },
    {
      "makerOrderId": "674709daeaedf500071b61d9",
      "price": "0.6498",
      "sequence": "5741156254889985",
      "side": "buy",
      "size": "4.28",
      "symbol": "CHILLGUY-USDT",
      "takerOrderId": "674709e014a8920007079084",
      "time": "1732708833014000000",
      "tradeId": "5741156254889985",
      "type": "match",
      "time_received": "12:00:33.0504"
    },
    {
      "makerOrderId": "674709daeaedf500071b61d9",
      "price": "0.6498",
      "sequence": "5741156377442305",
      "side": "buy",
      "size": "74.86",
      "symbol": "CHILLGUY-USDT",
      "takerOrderId": "674709e1eaedf500071b8ff3",
      "time": "1732708833362000000",
      "tradeId": "5741156377442305",
      "type": "match",
      "time_received": "12:00:33.4052"
    },
    {
      "makerOrderId": "674709daeaedf500071b61d9",
      "price": "0.6498",
      "sequence": "5741156442322945",
      "side": "buy",
      "size": "21.2",
      "symbol": "CHILLGUY-USDT",
      "takerOrderId": "674709e1b6d508000730acea",
      "time": "1732708833557000000",
      "tradeId": "5741156442322945",
      "type": "match",
      "time_received": "12:00:33.5930"
    },
    {
      "makerOrderId": "674709daeaedf500071b61d9",
      "price": "0.6498",
      "sequence": "5741156814567425",
      "side": "buy",
      "size": "4.94",
      "symbol": "CHILLGUY-USDT",
      "takerOrderId": "674709e2f61fa00007e989a9",
      "time": "1732708834569000000",
      "tradeId": "5741156814567425",
      "type": "match",
      "time_received": "12:00:34.6028"
    },
    {
      "makerOrderId": "674709dcdcdd7b000796d767",
      "price": "0.64",
      "sequence": "5741157509642241",
      "side": "sell",
      "size": "6.99",
      "symbol": "CHILLGUY-USDT",
      "takerOrderId": "674709e4b38d120007fad96b",
      "time": "1732708836228000000",
      "tradeId": "5741157509642241",
      "type": "match",
      "time_received": "12:00:36.2768"
    },
    {
      "makerOrderId": "674709e4dcdd7b00079702e8",
      "price": "0.6399",
      "sequence": "5741157596149761",
      "side": "buy",
      "size": "46.15",
      "symbol": "CHILLGUY-USDT",
      "takerOrderId": "674709e4dcdd7b0007970351",
      "time": "1732708836457000000",
      "tradeId": "5741157596149761",
      "type": "match",
      "time_received": "12:00:36.4985"
    },
    {
      "makerOrderId": "674709e4dcdd7b00079702e8",
      "price": "0.6399",
      "sequence": "5741158195279873",
      "side": "buy",
      "size": "10.44",
      "symbol": "CHILLGUY-USDT",
      "takerOrderId": "674709e69e4e40000744ea2d",
      "time": "1732708838056000000",
      "tradeId": "5741158195279873",
      "type": "match",
      "time_received": "12:00:38.0974"
    },
    {
      "makerOrderId": "674709e4dcdd7b00079702e8",
      "price": "0.6399",
      "sequence": "5741159975368705",
      "side": "buy",
      "size": "64.48",
      "symbol": "CHILLGUY-USDT",
      "takerOrderId": "674709eaba86a00007464a47",
      "time": "1732708842849000000",
      "tradeId": "5741159975368705",
      "type": "match",
      "time_received": "12:00:42.8888"
    },
    {
      "makerOrderId": "674709e4dcdd7b00079702e8",
      "price": "0.6399",
      "sequence": "5741160632694785",
      "side": "buy",
      "size": "1",
      "symbol": "CHILLGUY-USDT",
      "takerOrderId": "674709eca69a4c0007d6e643",
      "time": "1732708844501000000",
      "tradeId": "5741160632694785",
      "type": "match",
      "time_received": "12:00:44.5435"
    },
    {
      "makerOrderId": "674709e4dcdd7b00079702e8",
      "price": "0.6399",
      "sequence": "5741160703211521",
      "side": "buy",
      "size": "14.56",
      "symbol": "CHILLGUY-USDT",
      "takerOrderId": "674709ec8b053b00076a0678",
      "time": "1732708844765000000",
      "tradeId": "5741160703211521",
      "type": "match",
      "time_received": "12:00:44.8032"
    },
    {
      "makerOrderId": "674709e4dcdd7b00079702e8",
      "price": "0.6399",
      "sequence": "5741161010706433",
      "side": "buy",
      "size": "29.97",
      "symbol": "CHILLGUY-USDT",
      "takerOrderId": "674709ed8b053b00076a0a2b",
      "time": "1732708845690000000",
      "tradeId": "5741161010706433",
      "type": "match",
      "time_received": "12:00:45.7264"
    },
    {
      "makerOrderId": "674709e4dcdd7b00079702e8",
      "price": "0.6399",
      "sequence": "5741161138501633",
      "side": "buy",
      "size": "92.91",
      "symbol": "CHILLGUY-USDT",
      "takerOrderId": "674709ede21c7400071212de",
      "time": "1732708846013000000",
      "tradeId": "5741161138501633",
      "type": "match",
      "time_received": "12:00:46.0551"
    },
    {
      "makerOrderId": "674709e414a892000707a265",
      "price": "0.6399",
      "sequence": "5741161284122625",
      "side": "buy",
      "size": "10.03",
      "symbol": "CHILLGUY-USDT",
      "takerOrderId": "674709eedcdd7b0007973fe4",
      "time": "1732708846437000000",
      "tradeId": "5741161284122625",
      "type": "match",
      "time_received": "12:00:46.4789"
    },
    {
      "makerOrderId": "674709e414a892000707a265",
      "price": "0.6399",
      "sequence": "5741162798790657",
      "side": "buy",
      "size": "13.44",
      "symbol": "CHILLGUY-USDT",
      "takerOrderId": "674709f2633e91000758fe5c",
      "time": "1732708850482000000",
      "tradeId": "5741162798790657",
      "type": "match",
      "time_received": "12:00:50.5240"
    },
    {
      "makerOrderId": "674709e414a892000707a265",
      "price": "0.6399",
      "sequence": "5741163020826625",
      "side": "buy",
      "size": "125.71",
      "symbol": "CHILLGUY-USDT",
      "takerOrderId": "674709f3b6d50800073110d1",
      "time": "1732708851071000000",
      "tradeId": "5741163020826625",
      "type": "match",
      "time_received": "12:00:51.1101"
    },
    {
      "makerOrderId": "674709e414a892000707a265",
      "price": "0.6399",
      "sequence": "5741163039963137",
      "side": "buy",
      "size": "297.38",
      "symbol": "CHILLGUY-USDT",
      "takerOrderId": "674709f3ef434f000714c9a9",
      "time": "1732708851119000000",
      "tradeId": "5741163039963137",
      "type": "match",
      "time_received": "12:00:51.1594"
    },
    {
      "makerOrderId": "674709e414a892000707a265",
      "price": "0.6399",
      "sequence": "5741163165923329",
      "side": "buy",
      "size": "130.04",
      "symbol": "CHILLGUY-USDT",
      "takerOrderId": "674709f3dcdd7b0007975afe",
      "time": "1732708851454000000",
      "tradeId": "5741163165923329",
      "type": "match",
      "time_received": "12:00:51.4946"
    },
    {
      "makerOrderId": "674709e414a892000707a265",
      "price": "0.6399",
      "sequence": "5741163514181633",
      "side": "buy",
      "size": "38.8",
      "symbol": "CHILLGUY-USDT",
      "takerOrderId": "674709f4e21c7400071234c4",
      "time": "1732708852463000000",
      "tradeId": "5741163514181633",
      "type": "match",
      "time_received": "12:00:52.5018"
    },
    {
      "makerOrderId": "674709e414a892000707a265",
      "price": "0.6399",
      "sequence": "5741163908970497",
      "side": "buy",
      "size": "143.38",
      "symbol": "CHILLGUY-USDT",
      "takerOrderId": "674709f5dcdd7b000797649e",
      "time": "1732708853522000000",
      "tradeId": "5741163908970497",
      "type": "match",
      "time_received": "12:00:53.5631"
    },
    {
      "makerOrderId": "674709f5ba86a00007464f64",
      "price": "0.639",
      "sequence": "5741163916703745",
      "side": "sell",
      "size": "17.29",
      "symbol": "CHILLGUY-USDT",
      "takerOrderId": "674709f5dcdd7b00079764e0",
      "time": "1732708853548000000",
      "tradeId": "5741163916703745",
      "type": "match",
      "time_received": "12:00:53.5886"
    },
    {
      "makerOrderId": "674709f5ba86a00007464f64",
      "price": "0.639",
      "sequence": "5741163917228033",
      "side": "sell",
      "size": "11.92",
      "symbol": "CHILLGUY-USDT",
      "takerOrderId": "674709f58b053b00076a33be",
      "time": "1732708853550000000",
      "tradeId": "5741163917228033",
      "type": "match",
      "time_received": "12:00:53.5887"
    },
    {
      "makerOrderId": "674709f5ba86a00007464f64",
      "price": "0.639",
      "sequence": "5741163917359105",
      "side": "sell",
      "size": "21.57",
      "symbol": "CHILLGUY-USDT",
      "takerOrderId": "674709f5dcdd7b00079764e4",
      "time": "1732708853551000000",
      "tradeId": "5741163917359105",
      "type": "match",
      "time_received": "12:00:53.5887"
    },
    {
      "makerOrderId": "674709f5ba86a00007464f64",
      "price": "0.639",
      "sequence": "5741163917883393",
      "side": "sell",
      "size": "27.11",
      "symbol": "CHILLGUY-USDT",
      "takerOrderId": "674709f51adbea0007305fdf",
      "time": "1732708853555000000",
      "tradeId": "5741163917883393",
      "type": "match",
      "time_received": "12:00:53.6018"
    },
    {
      "makerOrderId": "674709f5ba86a00007464f64",
      "price": "0.639",
      "sequence": "5741163918014465",
      "side": "sell",
      "size": "21.61",
      "symbol": "CHILLGUY-USDT",
      "takerOrderId": "674709f5eaedf500071c0196",
      "time": "1732708853555000000",
      "tradeId": "5741163918014465",
      "type": "match",
      "time_received": "12:00:53.6019"
    },
    {
      "makerOrderId": "674709f5ba86a00007464f64",
      "price": "0.639",
      "sequence": "5741163919063041",
      "side": "sell",
      "size": "17.29",
      "symbol": "CHILLGUY-USDT",
      "takerOrderId": "674709f5812d4000076abf26",
      "time": "1732708853558000000",
      "tradeId": "5741163919063041",
      "type": "match",
      "time_received": "12:00:53.6020"
    },
    {
      "makerOrderId": "674709f5ba86a00007464f64",
      "price": "0.639",
      "sequence": "5741163920504833",
      "side": "sell",
      "size": "11.92",
      "symbol": "CHILLGUY-USDT",
      "takerOrderId": "674709f5e21c740007123a2e",
      "time": "1732708853566000000",
      "tradeId": "5741163920504833",
      "type": "match",
      "time_received": "12:00:53.6062"
    },
    {
      "makerOrderId": "674709f5ba86a00007464f64",
      "price": "0.639",
      "sequence": "5741163922733057",
      "side": "sell",
      "size": "14.91",
      "symbol": "CHILLGUY-USDT",
      "takerOrderId": "674709f5725fc60007878fc4",
      "time": "1732708853574000000",
      "tradeId": "5741163922733057",
      "type": "match",
      "time_received": "12:00:53.6129"
    },
    {
      "makerOrderId": "674709f5ba86a00007464f64",
      "price": "0.639",
      "sequence": "5741163923257345",
      "side": "sell",
      "size": "51.68",
      "symbol": "CHILLGUY-USDT",
      "takerOrderId": "674709f533b8f30007e1d481",
      "time": "1732708853577000000",
      "tradeId": "5741163923257345",
      "type": "match",
      "time_received": "12:00:53.6130"
    },
    {
      "makerOrderId": "674709f5ba86a00007464f64",
      "price": "0.639",
      "sequence": "5741163926272001",
      "side": "sell",
      "size": "36.69",
      "symbol": "CHILLGUY-USDT",
      "takerOrderId": "674709f5a69a4c0007d71448",
      "time": "1732708853595000000",
      "tradeId": "5741163926272001",
      "type": "match",
      "time_received": "12:00:53.6356"
    },
    {
      "makerOrderId": "674709f733b8f30007e1e05a",
      "price": "0.6247",
      "sequence": "5741164735248385",
      "side": "buy",
      "size": "31.52",
      "symbol": "CHILLGUY-USDT",
      "takerOrderId": "674709f7e21c7400071246a8",
      "time": "1732708855768000000",
      "tradeId": "5741164735248385",
      "type": "match",
      "time_received": "12:00:55.8070"
    },
    {
      "makerOrderId": "674709e414a892000707a265",
      "price": "0.6399",
      "sequence": "5741165312358401",
      "side": "buy",
      "size": "48.44",
      "symbol": "CHILLGUY-USDT",
      "takerOrderId": "674709f95a555000078ea958",
      "time": "1732708857175000000",
      "tradeId": "5741165312358401",
      "type": "match",
      "time_received": "12:00:57.2096"
    },
    {
      "makerOrderId": "674709e414a892000707a265",
      "price": "0.6399",
      "sequence": "5741166949185537",
      "side": "buy",
      "size": "15.62",
      "symbol": "CHILLGUY-USDT",
      "takerOrderId": "674709fcdcdd7b00079798ad",
      "time": "1732708860819000000",
      "tradeId": "5741166949185537",
      "type": "match",
      "time_received": "12:01:00.8622"
    },
    {
      "makerOrderId": "674709fe2033a50007f93844",
      "price": "0.6397",
      "sequence": "5741168229758977",
      "side": "buy",
      "size": "29.74",
      "symbol": "CHILLGUY-USDT",
      "takerOrderId": "67470a00b38d120007fb8325",
      "time": "1732708864166000000",
      "tradeId": "5741168229758977",
      "type": "match",
      "time_received": "12:01:04.2127"
    },
    {
      "makerOrderId": "67470a00e21c740007128385",
      "price": "0.63",
      "sequence": "5741168340776961",
      "side": "sell",
      "size": "41.68",
      "symbol": "CHILLGUY-USDT",
      "takerOrderId": "67470a0033b8f30007e21dda",
      "time": "1732708864491000000",
      "tradeId": "5741168340776961",
      "type": "match",
      "time_received": "12:01:04.5316"
    },
    {
      "makerOrderId": "674709fe2033a50007f93844",
      "price": "0.6397",
      "sequence": "5741168479057921",
      "side": "buy",
      "size": "59.6",
      "symbol": "CHILLGUY-USDT",
      "takerOrderId": "67470a0033b8f30007e21fe6",
      "time": "1732708864853000000",
      "tradeId": "5741168479057921",
      "type": "match",
      "time_received": "12:01:04.8899"
    },
    {
      "makerOrderId": "67470a01725fc6000787e2aa",
      "price": "0.6289",
      "sequence": "5741169106106369",
      "side": "buy",
      "size": "35.19",
      "symbol": "CHILLGUY-USDT",
      "takerOrderId": "67470a02ba86a0000746568e",
      "time": "1732708866225000000",
      "tradeId": "5741169106106369",
      "type": "match",
      "time_received": "12:01:06.2659"
    },
    {
      "makerOrderId": "67470a01725fc6000787e2aa",
      "price": "0.6289",
      "sequence": "5741169162860545",
      "side": "buy",
      "size": "141.06",
      "symbol": "CHILLGUY-USDT",
      "takerOrderId": "67470a029e4e4000074598b2",
      "time": "1732708866364000000",
      "tradeId": "5741169162860545",
      "type": "match",
      "time_received": "12:01:06.4040"
    },
    {
      "makerOrderId": "67470a021adbea000730b5f3",
      "price": "0.629",
      "sequence": "5741169296685057",
      "side": "buy",
      "size": "170.89",
      "symbol": "CHILLGUY-USDT",
      "takerOrderId": "67470a0233b8f30007e22c01",
      "time": "1732708866688000000",
      "tradeId": "5741169296685057",
      "type": "match",
      "time_received": "12:01:06.7312"
    },
    {
      "makerOrderId": "67470a021adbea000730b5f3",
      "price": "0.629",
      "sequence": "5741169314641921",
      "side": "buy",
      "size": "73.62",
      "symbol": "CHILLGUY-USDT",
      "takerOrderId": "67470a02439c1000075e5666",
      "time": "1732708866731000000",
      "tradeId": "5741169314641921",
      "type": "match",
      "time_received": "12:01:06.7684"
    },
    {
      "makerOrderId": "67470a031adbea000730b89a",
      "price": "0.6261",
      "sequence": "5741169536808961",
      "side": "sell",
      "size": "14.06",
      "symbol": "CHILLGUY-USDT",
      "takerOrderId": "67470a03a69a4c0007d76f3b",
      "time": "1732708867265000000",
      "tradeId": "5741169536808961",
      "type": "match",
      "time_received": "12:01:07.3069"
    },
    {
      "makerOrderId": "67470a031adbea000730b89a",
      "price": "0.6261",
      "sequence": "5741169536940033",
      "side": "sell",
      "size": "12.14",
      "symbol": "CHILLGUY-USDT",
      "takerOrderId": "67470a03439c1000075e590b",
      "time": "1732708867265000000",
      "tradeId": "5741169536940033",
      "type": "match",
      "time_received": "12:01:07.3070"
    },
    {
      "makerOrderId": "67470a031adbea000730b89a",
      "price": "0.6261",
      "sequence": "5741169537726465",
      "side": "sell",
      "size": "86.56",
      "symbol": "CHILLGUY-USDT",
      "takerOrderId": "67470a039e4e400007459d77",
      "time": "1732708867267000000",
      "tradeId": "5741169537726465",
      "type": "match",
      "time_received": "12:01:07.3070"
    },
    {
      "makerOrderId": "67470a031adbea000730b89a",
      "price": "0.6261",
      "sequence": "5741169537857537",
      "side": "sell",
      "size": "20.37",
      "symbol": "CHILLGUY-USDT",
      "takerOrderId": "67470a03b6d5080007317687",
      "time": "1732708867267000000",
      "tradeId": "5741169537857537",
      "type": "match",
      "time_received": "12:01:07.3070"
    },
    {
      "makerOrderId": "67470a031adbea000730b89a",
      "price": "0.6261",
      "sequence": "5741169538381825",
      "side": "sell",
      "size": "8.8",
      "symbol": "CHILLGUY-USDT",
      "takerOrderId": "67470a035a555000078eed8b",
      "time": "1732708867268000000",
      "tradeId": "5741169538381825",
      "type": "match",
      "time_received": "12:01:07.3071"
    },
    {
      "makerOrderId": "67470a031adbea000730b89a",
      "price": "0.6261",
      "sequence": "5741169538512897",
      "side": "sell",
      "size": "17.31",
      "symbol": "CHILLGUY-USDT",
      "takerOrderId": "67470a03b26bfb00075ca28f",
      "time": "1732708867268000000",
      "tradeId": "5741169538512897",
      "type": "match",
      "time_received": "12:01:07.3071"
    },
    {
      "makerOrderId": "67470a031adbea000730b89a",
      "price": "0.6261",
      "sequence": "5741169542182913",
      "side": "sell",
      "size": "20.37",
      "symbol": "CHILLGUY-USDT",
      "takerOrderId": "67470a03f61fa00007ea4ea9",
      "time": "1732708867281000000",
      "tradeId": "5741169542182913",
      "type": "match",
      "time_received": "12:01:07.3203"
    },
    {
      "makerOrderId": "67470a031adbea000730b89a",
      "price": "0.6261",
      "sequence": "5741169543755777",
      "side": "sell",
      "size": "14.06",
      "symbol": "CHILLGUY-USDT",
      "takerOrderId": "67470a0314a8920007085d83",
      "time": "1732708867284000000",
      "tradeId": "5741169543755777",
      "type": "match",
      "time_received": "12:01:07.3204"
    },
    {
      "makerOrderId": "67470a0333b8f30007e231f0",
      "price": "0.6289",
      "sequence": "5741169838536705",
      "side": "buy",
      "size": "14.16",
      "symbol": "CHILLGUY-USDT",
      "takerOrderId": "67470a03725fc6000787edf6",
      "time": "1732708867999000000",
      "tradeId": "5741169838536705",
      "type": "match",
      "time_received": "12:01:08.0418"
    },
    {
      "makerOrderId": "67470a0333b8f30007e231f0",
      "price": "0.6289",
      "sequence": "5741169874188289",
      "side": "buy",
      "size": "478.87",
      "symbol": "CHILLGUY-USDT",
      "takerOrderId": "67470a045e5d4c0007a3fe78",
      "time": "1732708868101000000",
      "tradeId": "5741169874188289",
      "type": "match",
      "time_received": "12:01:08.1418"
    },
    {
      "makerOrderId": "67470a04439c1000075e5da3",
      "price": "0.6284",
      "sequence": "5741169935267841",
      "side": "buy",
      "size": "9.37",
      "symbol": "CHILLGUY-USDT",
      "takerOrderId": "67470a045a555000078ef2b7",
      "time": "1732708868320000000",
      "tradeId": "5741169935267841",
      "type": "match",
      "time_received": "12:01:08.3580"
    },
    {
      "makerOrderId": "67470a04439c1000075e5da3",
      "price": "0.6284",
      "sequence": "5741170066995201",
      "side": "buy",
      "size": "59.59",
      "symbol": "CHILLGUY-USDT",
      "takerOrderId": "67470a045a555000078ef4de",
      "time": "1732708868792000000",
      "tradeId": "5741170066995201",
      "type": "match",
      "time_received": "12:01:08.8337"
    },
    {
      "makerOrderId": "67470a05dcdd7b000797cfd1",
      "price": "0.6292",
      "sequence": "5741170914244609",
      "side": "buy",
      "size": "546.96",
      "symbol": "CHILLGUY-USDT",
      "takerOrderId": "67470a069e4e40000745b287",
      "time": "1732708870536000000",
      "tradeId": "5741170914244609",
      "type": "match",
      "time_received": "12:01:10.5777"
    },
    {
      "makerOrderId": "67470a072033a50007f97144",
      "price": "0.6307",
      "sequence": "5741171235371009",
      "side": "buy",
      "size": "464.71",
      "symbol": "CHILLGUY-USDT",
      "takerOrderId": "67470a07e21c74000712ae97",
      "time": "1732708871232000000",
      "tradeId": "5741171235371009",
      "type": "match",
      "time_received": "12:01:11.2731"
    },
    {
      "makerOrderId": "67470a071adbea000730d4e2",
      "price": "0.6289",
      "sequence": "5741171714308097",
      "side": "buy",
      "size": "50",
      "symbol": "CHILLGUY-USDT",
      "takerOrderId": "67470a085e5d4c0007a41c31",
      "time": "1732708872443000000",
      "tradeId": "5741171714308097",
      "type": "match",
      "time_received": "12:01:12.4826"
    },
    {
      "makerOrderId": "67470a071adbea000730d4e2",
      "price": "0.6289",
      "sequence": "5741171737245697",
      "side": "buy",
      "size": "1",
      "symbol": "CHILLGUY-USDT",
      "takerOrderId": "67470a088b053b00076ab0fe",
      "time": "1732708872518000000",
      "tradeId": "5741171737245697",
      "type": "match",
      "time_received": "12:01:12.5572"
    },
    {
      "makerOrderId": "67470a0a725fc60007881635",
      "price": "0.6265",
      "sequence": "5741172630632449",
      "side": "sell",
      "size": "141.57",
      "symbol": "CHILLGUY-USDT",
      "takerOrderId": "67470a0af61fa00007ea7c1b",
      "time": "1732708874668000000",
      "tradeId": "5741172630632449",
      "type": "match",
      "time_received": "12:01:14.7075"
    },
    {
      "makerOrderId": "67470a09e21c74000712bbb9",
      "price": "0.6295",
      "sequence": "5741173347334145",
      "side": "buy",
      "size": "5.71",
      "symbol": "CHILLGUY-USDT",
      "takerOrderId": "67470a0c812d4000076b4ee6",
      "time": "1732708876461000000",
      "tradeId": "5741173347334145",
      "type": "match",
      "time_received": "12:01:16.5012"
    },
    {
      "makerOrderId": "67470a0d812d4000076b5731",
      "price": "0.629",
      "sequence": "5741174053287937",
      "side": "buy",
      "size": "1",
      "symbol": "CHILLGUY-USDT",
      "takerOrderId": "67470a0ea69a4c0007d7b04f",
      "time": "1732708878168000000",
      "tradeId": "5741174053287937",
      "type": "match",
      "time_received": "12:01:18.2093"
    },
    {
      "makerOrderId": "67470a0d812d4000076b5731",
      "price": "0.629",
      "sequence": "5741174884546561",
      "side": "buy",
      "size": "14.71",
      "symbol": "CHILLGUY-USDT",
      "takerOrderId": "67470a0fb26bfb00075cf5ed",
      "time": "1732708879331000000",
      "tradeId": "5741174884546561",
      "type": "match",
      "time_received": "12:01:19.3735"
    },
    {
      "makerOrderId": "67470a10ba86a00007465e25",
      "price": "0.63",
      "sequence": "5741175446452225",
      "side": "sell",
      "size": "158.73",
      "symbol": "CHILLGUY-USDT",
      "takerOrderId": "67470a10812d4000076b7713",
      "time": "1732708880477000000",
      "tradeId": "5741175446452225",
      "type": "match",
      "time_received": "12:01:20.5147"
    },
    {
      "makerOrderId": "67470a10812d4000076b7713",
      "price": "0.6289",
      "sequence": "5741175928141825",
      "side": "buy",
      "size": "1.02",
      "symbol": "CHILLGUY-USDT",
      "takerOrderId": "67470a11dcdd7b0007982524",
      "time": "1732708881532000000",
      "tradeId": "5741175928141825",
      "type": "match",
      "time_received": "12:01:21.5722"
    },
    {
      "makerOrderId": "67470a10812d4000076b7713",
      "price": "0.6289",
      "sequence": "5741176686393345",
      "side": "buy",
      "size": "4.21",
      "symbol": "CHILLGUY-USDT",
      "takerOrderId": "67470a13633e910007591063",
      "time": "1732708883187000000",
      "tradeId": "5741176686393345",
      "type": "match",
      "time_received": "12:01:23.2226"
    },
    {
      "makerOrderId": "67470a10812d4000076b7713",
      "price": "0.6289",
      "sequence": "5741177118930945",
      "side": "buy",
      "size": "186.27",
      "symbol": "CHILLGUY-USDT",
      "takerOrderId": "67470a1333b8f30007e2a378",
      "time": "1732708883949000000",
      "tradeId": "5741177118930945",
      "type": "match",
      "time_received": "12:01:23.9855"
    },
    {
      "makerOrderId": "67470a16b26bfb00075d26fb",
      "price": "0.6276",
      "sequence": "5741178291369985",
      "side": "buy",
      "size": "41.3",
      "symbol": "CHILLGUY-USDT",
      "takerOrderId": "67470a165a555000078f7241",
      "time": "1732708886554000000",
      "tradeId": "5741178291369985",
      "type": "match",
      "time_received": "12:01:26.5926"
    },
    {
      "makerOrderId": "67470a189e4e400007462e6e",
      "price": "0.6285",
      "sequence": "5741179214772225",
      "side": "buy",
      "size": "95.27",
      "symbol": "CHILLGUY-USDT",
      "takerOrderId": "67470a18b6d5080007320ab2",
      "time": "1732708888969000000",
      "tradeId": "5741179214772225",
      "type": "match",
      "time_received": "12:01:29.0067"
    },
    {
      "makerOrderId": "674709f9f61fa00007ea0a84",
      "price": "0.6251",
      "sequence": "5741179400370177",
      "side": "sell",
      "size": "57.4",
      "symbol": "CHILLGUY-USDT",
      "takerOrderId": "67470a19b26bfb00075d379c",
      "time": "1732708889523000000",
      "tradeId": "5741179400370177",
      "type": "match",
      "time_received": "12:01:29.5636"
    },
    {
      "makerOrderId": "67470a1db6d50800073220fd",
      "price": "0.6275",
      "sequence": "5741181063149569",
      "side": "buy",
      "size": "1",
      "symbol": "CHILLGUY-USDT",
      "takerOrderId": "67470a1d14a892000709098f",
      "time": "1732708893972000000",
      "tradeId": "5741181063149569",
      "type": "match",
      "time_received": "12:01:34.0110"
    },
    {
      "makerOrderId": "674709f9f61fa00007ea0a84",
      "price": "0.6251",
      "sequence": "5741181114136577",
      "side": "sell",
      "size": "8.24",
      "symbol": "CHILLGUY-USDT",
      "takerOrderId": "67470a1eb38d120007fc44f8",
      "time": "1732708894133000000",
      "tradeId": "5741181114136577",
      "type": "match",
      "time_received": "12:01:34.1699"
    },
    {
      "makerOrderId": "67470a24dcdd7b0007989706",
      "price": "0.6263",
      "sequence": "5741184486356993",
      "side": "buy",
      "size": "155.96",
      "symbol": "CHILLGUY-USDT",
      "takerOrderId": "67470a26633e910007591976",
      "time": "1732708902219000000",
      "tradeId": "5741184486356993",
      "type": "match",
      "time_received": "12:01:42.2572"
    },
    {
      "makerOrderId": "67470a28dcdd7b000798aab7",
      "price": "0.6264",
      "sequence": "5741185297561601",
      "side": "buy",
      "size": "58.5",
      "symbol": "CHILLGUY-USDT",
      "takerOrderId": "67470a28ef434f0007161bec",
      "time": "1732708904228000000",
      "tradeId": "5741185297561601",
      "type": "match",
      "time_received": "12:01:44.2668"
    },
    {
      "makerOrderId": "674709f9f61fa00007ea0a84",
      "price": "0.6251",
      "sequence": "5741185476868097",
      "side": "sell",
      "size": "23.39",
      "symbol": "CHILLGUY-USDT",
      "takerOrderId": "67470a288b053b00076b7b78",
      "time": "1732708904806000000",
      "tradeId": "5741185476868097",
      "type": "match",
      "time_received": "12:01:44.8456"
    },
    {
      "makerOrderId": "674709fbb6d508000731490a",
      "price": "0.625",
      "sequence": "5741185476868100",
      "side": "sell",
      "size": "20",
      "symbol": "CHILLGUY-USDT",
      "takerOrderId": "67470a288b053b00076b7b78",
      "time": "1732708904806000000",
      "tradeId": "5741185476868100",
      "type": "match",
      "time_received": "12:01:44.8458"
    },
    {
      "makerOrderId": "67470a1d9e4e400007464b1d",
      "price": "0.625",
      "sequence": "5741185476868103",
      "side": "sell",
      "size": "125",
      "symbol": "CHILLGUY-USDT",
      "takerOrderId": "67470a288b053b00076b7b78",
      "time": "1732708904806000000",
      "tradeId": "5741185476868103",
      "type": "match",
      "time_received": "12:01:44.8458"
    },
    {
      "makerOrderId": "67470a28b6d5080007326595",
      "price": "0.6262",
      "sequence": "5741185991718913",
      "side": "buy",
      "size": "2.18",
      "symbol": "CHILLGUY-USDT",
      "takerOrderId": "67470a2ab38d120007fc8c2a",
      "time": "1732708906081000000",
      "tradeId": "5741185991718913",
      "type": "match",
      "time_received": "12:01:46.1233"
    },
    {
      "makerOrderId": "67470a28b6d5080007326595",
      "price": "0.6262",
      "sequence": "5741186109945857",
      "side": "buy",
      "size": "46.16",
      "symbol": "CHILLGUY-USDT",
      "takerOrderId": "67470a2af61fa00007eb425a",
      "time": "1732708906386000000",
      "tradeId": "5741186109945857",
      "type": "match",
      "time_received": "12:01:46.4276"
    },
    {
      "makerOrderId": "67470a298b053b00076b7ca2",
      "price": "0.626",
      "sequence": "5741186556770305",
      "side": "sell",
      "size": "209.69",
      "symbol": "CHILLGUY-USDT",
      "takerOrderId": "67470a2b5a555000078fe7e3",
      "time": "1732708907634000000",
      "tradeId": "5741186556770305",
      "type": "match",
      "time_received": "12:01:47.6757"
    },
    {
      "makerOrderId": "674709f85e5d4c0007a3b097",
      "price": "0.624",
      "sequence": "5741186579970049",
      "side": "sell",
      "size": "9.89",
      "symbol": "CHILLGUY-USDT",
      "takerOrderId": "67470a2b812d4000076c14c9",
      "time": "1732708907698000000",
      "tradeId": "5741186579970049",
      "type": "match",
      "time_received": "12:01:47.7350"
    },
    {
      "makerOrderId": "67470a2b9e4e400007469837",
      "price": "0.6228",
      "sequence": "5741186579970052",
      "side": "sell",
      "size": "53.01",
      "symbol": "CHILLGUY-USDT",
      "takerOrderId": "67470a2b812d4000076c14c9",
      "time": "1732708907698000000",
      "tradeId": "5741186579970052",
      "type": "match",
      "time_received": "12:01:47.7350"
    },
    {
      "makerOrderId": "67470a2b5e5d4c0007a4f5d8",
      "price": "0.6272",
      "sequence": "5741186827696129",
      "side": "buy",
      "size": "20.89",
      "symbol": "CHILLGUY-USDT",
      "takerOrderId": "67470a2cb26bfb00075d9fa1",
      "time": "1732708908419000000",
      "tradeId": "5741186827696129",
      "type": "match",
      "time_received": "12:01:48.4585"
    },
    {
      "makerOrderId": "67470a2cf61fa00007eb4c7b",
      "price": "0.626",
      "sequence": "5741187848484865",
      "side": "buy",
      "size": "2367.74",
      "symbol": "CHILLGUY-USDT",
      "takerOrderId": "67470a2e33b8f30007e33c59",
      "time": "1732708910641000000",
      "tradeId": "5741187848484865",
      "type": "match",
      "time_received": "12:01:50.6770"
    },
    {
      "makerOrderId": "67470a2e812d4000076c27da",
      "price": "0.6277",
      "sequence": "5741187848484868",
      "side": "buy",
      "size": "1643.73",
      "symbol": "CHILLGUY-USDT",
      "takerOrderId": "67470a2e33b8f30007e33c59",
      "time": "1732708910641000000",
      "tradeId": "5741187848484868",
      "type": "match",
      "time_received": "12:01:50.6778"
    },
    {
      "makerOrderId": "67470a2a725fc6000788dd2d",
      "price": "0.6278",
      "sequence": "5741187848484871",
      "side": "buy",
      "size": "1546.94",
      "symbol": "CHILLGUY-USDT",
      "takerOrderId": "67470a2e33b8f30007e33c59",
      "time": "1732708910641000000",
      "tradeId": "5741187848484871",
      "type": "match",
      "time_received": "12:01:50.6779"
    },
    {
      "makerOrderId": "67470a2edcdd7b000798c6f1",
      "price": "0.6282",
      "sequence": "5741187848484874",
      "side": "buy",
      "size": "1591.9",
      "symbol": "CHILLGUY-USDT",
      "takerOrderId": "67470a2e33b8f30007e33c59",
      "time": "1732708910641000000",
      "tradeId": "5741187848484874",
      "type": "match",
      "time_received": "12:01:50.6779"
    },
    {
      "makerOrderId": "67470a231adbea00073187c4",
      "price": "0.6295",
      "sequence": "5741187848484877",
      "side": "buy",
      "size": "1.19",
      "symbol": "CHILLGUY-USDT",
      "takerOrderId": "67470a2e33b8f30007e33c59",
      "time": "1732708910641000000",
      "tradeId": "5741187848484877",
      "type": "match",
      "time_received": "12:01:50.6780"
    },
    {
      "makerOrderId": "67470a2b9e4e400007469b4f",
      "price": "0.631",
      "sequence": "5741187848484880",
      "side": "buy",
      "size": "3516.62",
      "symbol": "CHILLGUY-USDT",
      "takerOrderId": "67470a2e33b8f30007e33c59",
      "time": "1732708910641000000",
      "tradeId": "5741187848484880",
      "type": "match",
      "time_received": "12:01:50.6780"
    },
    {
      "makerOrderId": "67470a2b9e4e400007469b11",
      "price": "0.6325",
      "sequence": "5741187848484883",
      "side": "buy",
      "size": "81.68",
      "symbol": "CHILLGUY-USDT",
      "takerOrderId": "67470a2e33b8f30007e33c59",
      "time": "1732708910641000000",
      "tradeId": "5741187848484883",
      "type": "match",
      "time_received": "12:01:50.6780"
    },
    {
      "makerOrderId": "67470a22754b1e0007391446",
      "price": "0.6361",
      "sequence": "5741187848484886",
      "side": "buy",
      "size": "3031.92",
      "symbol": "CHILLGUY-USDT",
      "takerOrderId": "67470a2e33b8f30007e33c59",
      "time": "1732708910641000000",
      "tradeId": "5741187848484886",
      "type": "match",
      "time_received": "12:01:50.6780"
    },
    {
      "makerOrderId": "67470a22ef434f000715fb9d",
      "price": "0.6362",
      "sequence": "5741187848484889",
      "side": "buy",
      "size": "2037.09",
      "symbol": "CHILLGUY-USDT",
      "takerOrderId": "67470a2e33b8f30007e33c59",
      "time": "1732708910641000000",
      "tradeId": "5741187848484889",
      "type": "match",
      "time_received": "12:01:50.6781"
    },
    {
      "makerOrderId": "67470a30439c1000075f79bb",
      "price": "0.6262",
      "sequence": "5741190199785473",
      "side": "sell",
      "size": "60",
      "symbol": "CHILLGUY-USDT",
      "takerOrderId": "67470a33b26bfb00075dd672",
      "time": "1732708915502000000",
      "tradeId": "5741190199785473",
      "type": "match",
      "time_received": "12:01:55.5384"
    },
    {
      "makerOrderId": "67470a332033a50007fa8e90",
      "price": "0.6277",
      "sequence": "5741190444890113",
      "side": "buy",
      "size": "15.71",
      "symbol": "CHILLGUY-USDT",
      "takerOrderId": "67470a34439c1000075f921a",
      "time": "1732708916086000000",
      "tradeId": "5741190444890113",
      "type": "match",
      "time_received": "12:01:56.1248"
    },
    {
      "makerOrderId": "67470a35812d4000076c5c75",
      "price": "0.6291",
      "sequence": "5741191406696449",
      "side": "buy",
      "size": "233.81",
      "symbol": "CHILLGUY-USDT",
      "takerOrderId": "67470a36b38d120007fcdf62",
      "time": "1732708918511000000",
      "tradeId": "5741191406696449",
      "type": "match",
      "time_received": "12:01:58.5473"
    },
    {
      "makerOrderId": "67470a3933b8f30007e38636",
      "price": "0.6282",
      "sequence": "5741193084942337",
      "side": "buy",
      "size": "37.45",
      "symbol": "CHILLGUY-USDT",
      "takerOrderId": "67470a3aa69a4c0007d8cfde",
      "time": "1732708922601000000",
      "tradeId": "5741193084942337",
      "type": "match",
      "time_received": "12:02:02.6421"
    },
    {
      "makerOrderId": "67470a3a812d4000076c7bbc",
      "price": "0.6291",
      "sequence": "5741193282729985",
      "side": "sell",
      "size": "262.93",
      "symbol": "CHILLGUY-USDT",
      "takerOrderId": "67470a3bb26bfb00075e038b",
      "time": "1732708923036000000",
      "tradeId": "5741193282729985",
      "type": "match",
      "time_received": "12:02:03.0895"
    },
    {
      "makerOrderId": "67470a30439c1000075f79bb",
      "price": "0.6262",
      "sequence": "5741193311434753",
      "side": "sell",
      "size": "36.99",
      "symbol": "CHILLGUY-USDT",
      "takerOrderId": "67470a3bdcdd7b00079921b7",
      "time": "1732708923094000000",
      "tradeId": "5741193311434753",
      "type": "match",
      "time_received": "12:02:03.1454"
    },
    {
      "makerOrderId": "67470a30439c1000075f79bb",
      "price": "0.6262",
      "sequence": "5741193367009281",
      "side": "sell",
      "size": "3.61",
      "symbol": "CHILLGUY-USDT",
      "takerOrderId": "67470a3b1adbea0007321c97",
      "time": "1732708923175000000",
      "tradeId": "5741193367009281",
      "type": "match",
      "time_received": "12:02:03.2218"
    },
    {
      "makerOrderId": "67470a345a5550000790258e",
      "price": "0.6261",
      "sequence": "5741193425205249",
      "side": "sell",
      "size": "6.7",
      "symbol": "CHILLGUY-USDT",
      "takerOrderId": "67470a3b33b8f30007e391c5",
      "time": "1732708923344000000",
      "tradeId": "5741193425205249",
      "type": "match",
      "time_received": "12:02:03.3791"
    },
    {
      "makerOrderId": "67470a345a5550000790258e",
      "price": "0.6261",
      "sequence": "5741193513547777",
      "side": "sell",
      "size": "62.97",
      "symbol": "CHILLGUY-USDT",
      "takerOrderId": "67470a3bb26bfb00075e0715",
      "time": "1732708923600000000",
      "tradeId": "5741193513547777",
      "type": "match",
      "time_received": "12:02:03.6415"
    },
    {
      "makerOrderId": "67470a3db38d120007fd0d19",
      "price": "0.6264",
      "sequence": "5741195961055233",
      "side": "buy",
      "size": "41.44",
      "symbol": "CHILLGUY-USDT",
      "takerOrderId": "67470a40ef434f000716c0eb",
      "time": "1732708928106000000",
      "tradeId": "5741195961055233",
      "type": "match",
      "time_received": "12:02:08.1397"
    },
    {
      "makerOrderId": "67470a345a5550000790258e",
      "price": "0.6261",
      "sequence": "5741196171819009",
      "side": "sell",
      "size": "9.05",
      "symbol": "CHILLGUY-USDT",
      "takerOrderId": "67470a40a69a4c0007d905c0",
      "time": "1732708928502000000",
      "tradeId": "5741196171819009",
      "type": "match",
      "time_received": "12:02:08.5383"
    },
    {
      "makerOrderId": "67470a40a69a4c0007d905c0",
      "price": "0.626",
      "sequence": "5741196180600833",
      "side": "buy",
      "size": "23.75",
      "symbol": "CHILLGUY-USDT",
      "takerOrderId": "67470a408b053b00076c22b6",
      "time": "1732708928515000000",
      "tradeId": "5741196180600833",
      "type": "match",
      "time_received": "12:02:08.5567"
    },
    {
      "makerOrderId": "67470a40a69a4c0007d905c0",
      "price": "0.626",
      "sequence": "5741197322369025",
      "side": "buy",
      "size": "14.02",
      "symbol": "CHILLGUY-USDT",
      "takerOrderId": "67470a43dcdd7b000799672f",
      "time": "1732708931407000000",
      "tradeId": "5741197322369025",
      "type": "match",
      "time_received": "12:02:11.4452"
    },
    {
      "makerOrderId": "67470a405e5d4c0007a5923e",
      "price": "0.6275",
      "sequence": "5741197488568321",
      "side": "buy",
      "size": "1",
      "symbol": "CHILLGUY-USDT",
      "takerOrderId": "67470a432033a50007fb04a2",
      "time": "1732708931806000000",
      "tradeId": "5741197488568321",
      "type": "match",
      "time_received": "12:02:11.8383"
    },
    {
      "makerOrderId": "67470a45e21c740007144a93",
      "price": "0.6261",
      "sequence": "5741198126102529",
      "side": "sell",
      "size": "5",
      "symbol": "CHILLGUY-USDT",
      "takerOrderId": "67470a45b26bfb00075e58c8",
      "time": "1732708933535000000",
      "tradeId": "5741198126102529",
      "type": "match",
      "time_received": "12:02:13.5726"
    },
    {
      "makerOrderId": "67470a44eaedf500071e0cba",
      "price": "0.626",
      "sequence": "5741198126102532",
      "side": "sell",
      "size": "32.26",
      "symbol": "CHILLGUY-USDT",
      "takerOrderId": "67470a45b26bfb00075e58c8",
      "time": "1732708933535000000",
      "tradeId": "5741198126102532",
      "type": "match",
      "time_received": "12:02:13.5731"
    },
    {
      "makerOrderId": "67470a44eaedf500071e0cba",
      "price": "0.626",
      "sequence": "5741198154938369",
      "side": "sell",
      "size": "5",
      "symbol": "CHILLGUY-USDT",
      "takerOrderId": "67470a45725fc60007899f38",
      "time": "1732708933625000000",
      "tradeId": "5741198154938369",
      "type": "match",
      "time_received": "12:02:13.6651"
    },
    {
      "makerOrderId": "67470a469e4e400007475add",
      "price": "0.6253",
      "sequence": "5741198648293377",
      "side": "buy",
      "size": "79.83",
      "symbol": "CHILLGUY-USDT",
      "takerOrderId": "67470a46439c100007601849",
      "time": "1732708934993000000",
      "tradeId": "5741198648293377",
      "type": "match",
      "time_received": "12:02:15.0277"
    },
    {
      "makerOrderId": "67470a469e4e400007475add",
      "price": "0.6253",
      "sequence": "5741198860761089",
      "side": "buy",
      "size": "7.78",
      "symbol": "CHILLGUY-USDT",
      "takerOrderId": "67470a47b6d5080007333849",
      "time": "1732708935640000000",
      "tradeId": "5741198860761089",
      "type": "match",
      "time_received": "12:02:15.6802"
    },
    {
      "makerOrderId": "67470a3ab26bfb00075dfe81",
      "price": "0.625",
      "sequence": "5741201283102721",
      "side": "sell",
      "size": "80",
      "symbol": "CHILLGUY-USDT",
      "takerOrderId": "67470a4ee21c740007147b9d",
      "time": "1732708942181000000",
      "tradeId": "5741201283102721",
      "type": "match",
      "time_received": "12:02:22.2194"
    },
    {
      "makerOrderId": "67470a4f2033a50007fb467d",
      "price": "0.6259",
      "sequence": "5741201842518017",
      "side": "buy",
      "size": "79.74",
      "symbol": "CHILLGUY-USDT",
      "takerOrderId": "67470a4fba86a00007468076",
      "time": "1732708943652000000",
      "tradeId": "5741201842518017",
      "type": "match",
      "time_received": "12:02:23.6938"
    },
    {
      "makerOrderId": "67470a4f2033a50007fb467d",
      "price": "0.6259",
      "sequence": "5741201922734081",
      "side": "buy",
      "size": "43.42",
      "symbol": "CHILLGUY-USDT",
      "takerOrderId": "67470a4f1adbea000732ab12",
      "time": "1732708943901000000",
      "tradeId": "5741201922734081",
      "type": "match",
      "time_received": "12:02:23.9354"
    },
    {
      "makerOrderId": "67470a519e4e400007479891",
      "price": "0.6251",
      "sequence": "5741202639042561",
      "side": "sell",
      "size": "23.98",
      "symbol": "CHILLGUY-USDT",
      "takerOrderId": "67470a5133b8f30007e42853",
      "time": "1732708945614000000",
      "tradeId": "5741202639042561",
      "type": "match",
      "time_received": "12:02:25.6533"
    },
    {
      "makerOrderId": "67470a51f61fa00007ec4926",
      "price": "0.6241",
      "sequence": "5741202751109121",
      "side": "buy",
      "size": "4.94",
      "symbol": "CHILLGUY-USDT",
      "takerOrderId": "67470a51633e910007593317",
      "time": "1732708945914000000",
      "tradeId": "5741202751109121",
      "type": "match",
      "time_received": "12:02:25.9538"
    },
    {
      "makerOrderId": "67470a55dcdd7b000799d2da",
      "price": "0.6239",
      "sequence": "5741204315191297",
      "side": "buy",
      "size": "8.29",
      "symbol": "CHILLGUY-USDT",
      "takerOrderId": "67470a55b6d5080007338b37",
      "time": "1732708949843000000",
      "tradeId": "5741204315191297",
      "type": "match",
      "time_received": "12:02:29.8854"
    },
    {
      "makerOrderId": "67470a55dcdd7b000799d2da",
      "price": "0.6239",
      "sequence": "5741204439578625",
      "side": "buy",
      "size": "142.09",
      "symbol": "CHILLGUY-USDT",
      "takerOrderId": "67470a56812d4000076d315c",
      "time": "1732708950135000000",
      "tradeId": "5741204439578625",
      "type": "match",
      "time_received": "12:02:30.1713"
    },
    {
      "makerOrderId": "67470a30a69a4c0007d8941d",
      "price": "0.6228",
      "sequence": "5741206173267969",
      "side": "sell",
      "size": "9.49",
      "symbol": "CHILLGUY-USDT",
      "takerOrderId": "67470a5ab38d120007fdc633",
      "time": "1732708954782000000",
      "tradeId": "5741206173267969",
      "type": "match",
      "time_received": "12:02:34.8154"
    },
    {
      "makerOrderId": "67470a58f61fa00007ec7177",
      "price": "0.6222",
      "sequence": "5741206173267972",
      "side": "sell",
      "size": "1277.34",
      "symbol": "CHILLGUY-USDT",
      "takerOrderId": "67470a5ab38d120007fdc633",
      "time": "1732708954782000000",
      "tradeId": "5741206173267972",
      "type": "match",
      "time_received": "12:02:34.8212"
    },
    {
      "makerOrderId": "674709d85e5d4c0007a2f67e",
      "price": "0.6221",
      "sequence": "5741206173267975",
      "side": "sell",
      "size": "303.52",
      "symbol": "CHILLGUY-USDT",
      "takerOrderId": "67470a5ab38d120007fdc633",
      "time": "1732708954782000000",
      "tradeId": "5741206173267975",
      "type": "match",
      "time_received": "12:02:34.8213"
    },
    {
      "makerOrderId": "67470a5a754b1e00073a7728",
      "price": "0.6246",
      "sequence": "5741206486005761",
      "side": "buy",
      "size": "3.47",
      "symbol": "CHILLGUY-USDT",
      "takerOrderId": "67470a5bb38d120007fdcc0d",
      "time": "1732708955417000000",
      "tradeId": "5741206486005761",
      "type": "match",
      "time_received": "12:02:35.4570"
    },
    {
      "makerOrderId": "67470a645e5d4c0007a66334",
      "price": "0.6258",
      "sequence": "5741210510702593",
      "side": "buy",
      "size": "11.96",
      "symbol": "CHILLGUY-USDT",
      "takerOrderId": "67470a65ef434f000717a2b7",
      "time": "1732708965855000000",
      "tradeId": "5741210510702593",
      "type": "match",
      "time_received": "12:02:45.8956"
    },
    {
      "makerOrderId": "67470a699e4e400007481fff",
      "price": "0.6263",
      "sequence": "5741211789047809",
      "side": "buy",
      "size": "9.27",
      "symbol": "CHILLGUY-USDT",
      "takerOrderId": "67470a69ba86a00007468d9d",
      "time": "1732708969382000000",
      "tradeId": "5741211789047809",
      "type": "match",
      "time_received": "12:02:49.4240"
    },
    {
      "makerOrderId": "67470a60ef434f0007178675",
      "price": "0.6238",
      "sequence": "5741212084877313",
      "side": "sell",
      "size": "12.9",
      "symbol": "CHILLGUY-USDT",
      "takerOrderId": "67470a6adcdd7b00079a45ac",
      "time": "1732708970347000000",
      "tradeId": "5741212084877313",
      "type": "match",
      "time_received": "12:02:50.3877"
    },
    {
      "makerOrderId": "67470a6adcdd7b00079a45ac",
      "price": "0.6238",
      "sequence": "5741212386998273",
      "side": "buy",
      "size": "24.36",
      "symbol": "CHILLGUY-USDT",
      "takerOrderId": "67470a6bb26bfb00075f2d78",
      "time": "1732708971305000000",
      "tradeId": "5741212386998273",
      "type": "match",
      "time_received": "12:02:51.3468"
    },
    {
      "makerOrderId": "67470a6ab26bfb00075f2bc6",
      "price": "0.6258",
      "sequence": "5741212513351681",
      "side": "buy",
      "size": "28.3",
      "symbol": "CHILLGUY-USDT",
      "takerOrderId": "67470a6bdcdd7b00079a4bf6",
      "time": "1732708971726000000",
      "tradeId": "5741212513351681",
      "type": "match",
      "time_received": "12:02:51.7636"
    },
    {
      "makerOrderId": "67470a6c754b1e00073adcb9",
      "price": "0.6257",
      "sequence": "5741212951787521",
      "side": "buy",
      "size": "31.89",
      "symbol": "CHILLGUY-USDT",
      "takerOrderId": "67470a6c2033a50007fbeaf5",
      "time": "1732708973000000000",
      "tradeId": "5741212951787521",
      "type": "match",
      "time_received": "12:02:53.0394"
    },
    {
      "makerOrderId": "67470a6c754b1e00073adcb9",
      "price": "0.6257",
      "sequence": "5741212995958785",
      "side": "buy",
      "size": "11.36",
      "symbol": "CHILLGUY-USDT",
      "takerOrderId": "67470a6de21c740007152739",
      "time": "1732708973131000000",
      "tradeId": "5741212995958785",
      "type": "match",
      "time_received": "12:02:53.1726"
    },
    {
      "makerOrderId": "67470a721adbea0007336569",
      "price": "0.6259",
      "sequence": "5741215603243009",
      "side": "buy",
      "size": "2.83",
      "symbol": "CHILLGUY-USDT",
      "takerOrderId": "67470a74ef434f000717ecb5",
      "time": "1732708980679000000",
      "tradeId": "5741215603243009",
      "type": "match",
      "time_received": "12:03:00.7221"
    },
    {
      "makerOrderId": "67470a721adbea0007336569",
      "price": "0.6259",
      "sequence": "5741216023197697",
      "side": "buy",
      "size": "51.2",
      "symbol": "CHILLGUY-USDT",
      "takerOrderId": "67470a755a5550000791aa96",
      "time": "1732708981760000000",
      "tradeId": "5741216023197697",
      "type": "match",
      "time_received": "12:03:01.7978"
    },
    {
      "makerOrderId": "67470a721adbea0007336569",
      "price": "0.6259",
      "sequence": "5741216389675009",
      "side": "buy",
      "size": "31.95",
      "symbol": "CHILLGUY-USDT",
      "takerOrderId": "67470a76633e910007594631",
      "time": "1732708982750000000",
      "tradeId": "5741216389675009",
      "type": "match",
      "time_received": "12:03:02.7895"
    },
    {
      "makerOrderId": "67470a721adbea0007336569",
      "price": "0.6259",
      "sequence": "5741216736884737",
      "side": "buy",
      "size": "15.97",
      "symbol": "CHILLGUY-USDT",
      "takerOrderId": "67470a77dcdd7b00079a899a",
      "time": "1732708983773000000",
      "tradeId": "5741216736884737",
      "type": "match",
      "time_received": "12:03:03.8066"
    },
    {
      "makerOrderId": "67470a721adbea0007336569",
      "price": "0.6259",
      "sequence": "5741216907540481",
      "side": "buy",
      "size": "159.45",
      "symbol": "CHILLGUY-USDT",
      "takerOrderId": "67470a78b38d120007fe6637",
      "time": "1732708984054000000",
      "tradeId": "5741216907540481",
      "type": "match",
      "time_received": "12:03:04.0923"
    },
    {
      "makerOrderId": "67470a78b26bfb00075f71d3",
      "price": "0.6266",
      "sequence": "5741217953232897",
      "side": "buy",
      "size": "11.17",
      "symbol": "CHILLGUY-USDT",
      "takerOrderId": "67470a7a33b8f30007e50dab",
      "time": "1732708986910000000",
      "tradeId": "5741217953232897",
      "type": "match",
      "time_received": "12:03:06.9516"
    },
    {
      "makerOrderId": "67470a7c439c1000076143ca",
      "price": "0.6261",
      "sequence": "5741218826041345",
      "side": "buy",
      "size": "15.97",
      "symbol": "CHILLGUY-USDT",
      "takerOrderId": "67470a7d5a5550000791d88e",
      "time": "1732708989555000000",
      "tradeId": "5741218826041345",
      "type": "match",
      "time_received": "12:03:09.5970"
    },
    {
      "makerOrderId": "67470a7c439c1000076143ca",
      "price": "0.6261",
      "sequence": "5741218902849537",
      "side": "buy",
      "size": "1",
      "symbol": "CHILLGUY-USDT",
      "takerOrderId": "67470a7da69a4c0007da5ead",
      "time": "1732708989786000000",
      "tradeId": "5741218902849537",
      "type": "match",
      "time_received": "12:03:09.8237"
    },
    {
      "makerOrderId": "67470a7e14a89200070b5311",
      "price": "0.626",
      "sequence": "5741219428579329",
      "side": "buy",
      "size": "45.61",
      "symbol": "CHILLGUY-USDT",
      "takerOrderId": "67470a7fb26bfb00075f99a0",
      "time": "1732708991325000000",
      "tradeId": "5741219428579329",
      "type": "match",
      "time_received": "12:03:11.3633"
    },
    {
      "makerOrderId": "67470a8033b8f30007e52c42",
      "price": "0.626",
      "sequence": "5741220043569153",
      "side": "buy",
      "size": "0.58",
      "symbol": "CHILLGUY-USDT",
      "takerOrderId": "67470a81b6d5080007347650",
      "time": "1732708993056000000",
      "tradeId": "5741220043569153",
      "type": "match",
      "time_received": "12:03:13.0980"
    },
    {
      "makerOrderId": "67470a8033b8f30007e52c42",
      "price": "0.626",
      "sequence": "5741220185651201",
      "side": "buy",
      "size": "39.93",
      "symbol": "CHILLGUY-USDT",
      "takerOrderId": "67470a81e21c74000715954e",
      "time": "1732708993510000000",
      "tradeId": "5741220185651201",
      "type": "match",
      "time_received": "12:03:13.5530"
    },
    {
      "makerOrderId": "67470a8214a89200070b678a",
      "price": "0.626",
      "sequence": "5741220675336193",
      "side": "buy",
      "size": "12.6",
      "symbol": "CHILLGUY-USDT",
      "takerOrderId": "67470a829e4e40000748a760",
      "time": "1732708994822000000",
      "tradeId": "5741220675336193",
      "type": "match",
      "time_received": "12:03:14.8599"
    },
    {
      "makerOrderId": "67470a8214a89200070b678a",
      "price": "0.626",
      "sequence": "5741220744673281",
      "side": "buy",
      "size": "151.77",
      "symbol": "CHILLGUY-USDT",
      "takerOrderId": "67470a82a69a4c0007da7a1d",
      "time": "1732708994968000000",
      "tradeId": "5741220744673281",
      "type": "match",
      "time_received": "12:03:15.0101"
    },
    {
      "makerOrderId": "67470a83439c10000761661b",
      "price": "0.6266",
      "sequence": "5741221079169025",
      "side": "buy",
      "size": "1470.05",
      "symbol": "CHILLGUY-USDT",
      "takerOrderId": "67470a83e21c74000715a18e",
      "time": "1732708995762000000",
      "tradeId": "5741221079169025",
      "type": "match",
      "time_received": "12:03:15.7992"
    },
    {
      "makerOrderId": "67470a859e4e40000748b4f2",
      "price": "0.6267",
      "sequence": "5741222293420033",
      "side": "buy",
      "size": "3397.49",
      "symbol": "CHILLGUY-USDT",
      "takerOrderId": "67470a86754b1e00073b67c2",
      "time": "1732708999021000000",
      "tradeId": "5741222293420033",
      "type": "match",
      "time_received": "12:03:19.0624"
    },
    {
      "makerOrderId": "67470a8614a89200070b79bb",
      "price": "0.6288",
      "sequence": "5741222293420036",
      "side": "buy",
      "size": "16.38",
      "symbol": "CHILLGUY-USDT",
      "takerOrderId": "67470a86754b1e00073b67c2",
      "time": "1732708999021000000",
      "tradeId": "5741222293420036",
      "type": "match",
      "time_received": "12:03:19.0625"
    },
    {
      "makerOrderId": "67470a8314a89200070b6d6d",
      "price": "0.6292",
      "sequence": "5741222293420039",
      "side": "buy",
      "size": "743.81",
      "symbol": "CHILLGUY-USDT",
      "takerOrderId": "67470a86754b1e00073b67c2",
      "time": "1732708999021000000",
      "tradeId": "5741222293420039",
      "type": "match",
      "time_received": "12:03:19.0625"
    },
    {
      "makerOrderId": "67470a87ef434f00071851cf",
      "price": "0.6272",
      "sequence": "5741222785595393",
      "side": "buy",
      "size": "110.85",
      "symbol": "CHILLGUY-USDT",
      "takerOrderId": "67470a88ef434f00071856f8",
      "time": "1732709000357000000",
      "tradeId": "5741222785595393",
      "type": "match",
      "time_received": "12:03:20.3936"
    },
    {
      "makerOrderId": "67470a881adbea000733de26",
      "price": "0.6284",
      "sequence": "5741222875641857",
      "side": "buy",
      "size": "39.78",
      "symbol": "CHILLGUY-USDT",
      "takerOrderId": "67470a8833b8f30007e55377",
      "time": "1732709000635000000",
      "tradeId": "5741222875641857",
      "type": "match",
      "time_received": "12:03:20.6749"
    },
    {
      "makerOrderId": "67470a89f61fa00007ed753d",
      "price": "0.626",
      "sequence": "5741223591557121",
      "side": "sell",
      "size": "7.11",
      "symbol": "CHILLGUY-USDT",
      "takerOrderId": "67470a8a5a55500007921c09",
      "time": "1732709002122000000",
      "tradeId": "5741223591557121",
      "type": "match",
      "time_received": "12:03:22.1603"
    },
    {
      "makerOrderId": "67470a89b6d508000734a540",
      "price": "0.6279",
      "sequence": "5741225025746945",
      "side": "buy",
      "size": "42.38",
      "symbol": "CHILLGUY-USDT",
      "takerOrderId": "67470a8d9e4e40000748e68f",
      "time": "1732709005694000000",
      "tradeId": "5741225025746945",
      "type": "match",
      "time_received": "12:03:25.7329"
    },
    {
      "makerOrderId": "67470a89b6d508000734a540",
      "price": "0.6279",
      "sequence": "5741225450027009",
      "side": "buy",
      "size": "9.33",
      "symbol": "CHILLGUY-USDT",
      "takerOrderId": "67470a8edcdd7b00079b0d32",
      "time": "1732709006807000000",
      "tradeId": "5741225450027009",
      "type": "match",
      "time_received": "12:03:26.8450"
    },
    {
      "makerOrderId": "67470a905e5d4c0007a75678",
      "price": "0.6276",
      "sequence": "5741226742265857",
      "side": "buy",
      "size": "100",
      "symbol": "CHILLGUY-USDT",
      "takerOrderId": "67470a91f61fa00007edb25d",
      "time": "1732709009822000000",
      "tradeId": "5741226742265857",
      "type": "match",
      "time_received": "12:03:29.8637"
    },
    {
      "makerOrderId": "67470a8b9e4e40000748da32",
      "price": "0.6263",
      "sequence": "5741226940971009",
      "side": "sell",
      "size": "16",
      "symbol": "CHILLGUY-USDT",
      "takerOrderId": "67470a929e4e400007490625",
      "time": "1732709010348000000",
      "tradeId": "5741226940971009",
      "type": "match",
      "time_received": "12:03:30.3889"
    },
    {
      "makerOrderId": "67470a929e4e400007490625",
      "price": "0.6263",
      "sequence": "5741227432359937",
      "side": "buy",
      "size": "1",
      "symbol": "CHILLGUY-USDT",
      "takerOrderId": "67470a92754b1e00073bbad3",
      "time": "1732709010978000000",
      "tradeId": "5741227432359937",
      "type": "match",
      "time_received": "12:03:31.0193"
    },
    {
      "makerOrderId": "67470a929e4e400007490625",
      "price": "0.6263",
      "sequence": "5741228032931841",
      "side": "buy",
      "size": "2.02",
      "symbol": "CHILLGUY-USDT",
      "takerOrderId": "67470a941adbea00073436be",
      "time": "1732709012283000000",
      "tradeId": "5741228032931841",
      "type": "match",
      "time_received": "12:03:32.3271"
    },
    {
      "makerOrderId": "67470a929e4e400007490625",
      "price": "0.6263",
      "sequence": "5741228667189249",
      "side": "buy",
      "size": "380.98",
      "symbol": "CHILLGUY-USDT",
      "takerOrderId": "67470a952033a50007fcdf4c",
      "time": "1732709013968000000",
      "tradeId": "5741228667189249",
      "type": "match",
      "time_received": "12:03:34.0054"
    },
    {
      "makerOrderId": "67470a965e5d4c0007a785d8",
      "price": "0.6281",
      "sequence": "5741230208071681",
      "side": "buy",
      "size": "1.87",
      "symbol": "CHILLGUY-USDT",
      "takerOrderId": "67470a9adcdd7b00079b5cf4",
      "time": "1732709018075000000",
      "tradeId": "5741230208071681",
      "type": "match",
      "time_received": "12:03:38.1128"
    },
    {
      "makerOrderId": "67470a9df61fa00007edfaf8",
      "price": "0.628",
      "sequence": "5741231537534977",
      "side": "buy",
      "size": "173.44",
      "symbol": "CHILLGUY-USDT",
      "takerOrderId": "67470a9ddcdd7b00079b6d89",
      "time": "1732709021500000000",
      "tradeId": "5741231537534977",
      "type": "match",
      "time_received": "12:03:41.5422"
    },
    {
      "makerOrderId": "67470a9df61fa00007edfaf8",
      "price": "0.628",
      "sequence": "5741231539632129",
      "side": "buy",
      "size": "79.95",
      "symbol": "CHILLGUY-USDT",
      "takerOrderId": "67470a9d439c1000076209b2",
      "time": "1732709021504000000",
      "tradeId": "5741231539632129",
      "type": "match",
      "time_received": "12:03:41.5423"
    },
    {
      "makerOrderId": "67470a9df61fa00007edfaf8",
      "price": "0.628",
      "sequence": "5741231572137985",
      "side": "buy",
      "size": "1915.66",
      "symbol": "CHILLGUY-USDT",
      "takerOrderId": "67470a9deaedf50007200b28",
      "time": "1732709021551000000",
      "tradeId": "5741231572137985",
      "type": "match",
      "time_received": "12:03:41.5898"
    },
    {
      "makerOrderId": "67470a9df61fa00007edfaf8",
      "price": "0.628",
      "sequence": "5741231618275329",
      "side": "buy",
      "size": "510.16",
      "symbol": "CHILLGUY-USDT",
      "takerOrderId": "67470a9d5a555000079299dd",
      "time": "1732709021636000000",
      "tradeId": "5741231618275329",
      "type": "match",
      "time_received": "12:03:41.6762"
    },
    {
      "makerOrderId": "67470a952033a50007fcdf4c",
      "price": "0.6265",
      "sequence": "5741232198400001",
      "side": "sell",
      "size": "40.8",
      "symbol": "CHILLGUY-USDT",
      "takerOrderId": "67470a9f8b053b00076e475d",
      "time": "1732709023184000000",
      "tradeId": "5741232198400001",
      "type": "match",
      "time_received": "12:03:43.2259"
    },
    {
      "makerOrderId": "67470a9e5a55500007929d74",
      "price": "0.6263",
      "sequence": "5741232198400004",
      "side": "sell",
      "size": "583.79",
      "symbol": "CHILLGUY-USDT",
      "takerOrderId": "67470a9f8b053b00076e475d",
      "time": "1732709023184000000",
      "tradeId": "5741232198400004",
      "type": "match",
      "time_received": "12:03:43.2260"
    },
    {
      "makerOrderId": "67470a741adbea0007336eb9",
      "price": "0.6301",
      "sequence": "5741232731863041",
      "side": "buy",
      "size": "17.2",
      "symbol": "CHILLGUY-USDT",
      "takerOrderId": "67470aa0eaedf50007201b1e",
      "time": "1732709024704000000",
      "tradeId": "5741232731863041",
      "type": "match",
      "time_received": "12:03:44.7453"
    },
    {
      "makerOrderId": "67470a741adbea0007336eb9",
      "price": "0.6301",
      "sequence": "5741234512345089",
      "side": "buy",
      "size": "24.48",
      "symbol": "CHILLGUY-USDT",
      "takerOrderId": "67470aa45e5d4c0007a7d134",
      "time": "1732709028474000000",
      "tradeId": "5741234512345089",
      "type": "match",
      "time_received": "12:03:48.5128"
    },
    {
      "makerOrderId": "67470aa3dcdd7b00079b9264",
      "price": "0.6307",
      "sequence": "5741234512345092",
      "side": "buy",
      "size": "394.12",
      "symbol": "CHILLGUY-USDT",
      "takerOrderId": "67470aa45e5d4c0007a7d134",
      "time": "1732709028474000000",
      "tradeId": "5741234512345092",
      "type": "match",
      "time_received": "12:03:48.5129"
    },
    {
      "makerOrderId": "67470aa65a5550000792d0cd",
      "price": "0.6323",
      "sequence": "5741235738261505",
      "side": "buy",
      "size": "158.15",
      "symbol": "CHILLGUY-USDT",
      "takerOrderId": "67470aa714a89200070c47c8",
      "time": "1732709031288000000",
      "tradeId": "5741235738261505",
      "type": "match",
      "time_received": "12:03:51.3272"
    },
    {
      "makerOrderId": "67470aa8754b1e00073c394d",
      "price": "0.6316",
      "sequence": "5741236475279361",
      "side": "buy",
      "size": "15.71",
      "symbol": "CHILLGUY-USDT",
      "takerOrderId": "67470aa933b8f30007e622b2",
      "time": "1732709033083000000",
      "tradeId": "5741236475279361",
      "type": "match",
      "time_received": "12:03:53.1205"
    },
    {
      "makerOrderId": "67470aa8754b1e00073c394d",
      "price": "0.6316",
      "sequence": "5741237331048449",
      "side": "buy",
      "size": "2.41",
      "symbol": "CHILLGUY-USDT",
      "takerOrderId": "67470aaa2033a50007fd54aa",
      "time": "1732709034966000000",
      "tradeId": "5741237331048449",
      "type": "match",
      "time_received": "12:03:55.0075"
    },
    {
      "makerOrderId": "67470aa8754b1e00073c394d",
      "price": "0.6316",
      "sequence": "5741237886400513",
      "side": "buy",
      "size": "75.11",
      "symbol": "CHILLGUY-USDT",
      "takerOrderId": "67470aac1adbea000734c090",
      "time": "1732709036330000000",
      "tradeId": "5741237886400513",
      "type": "match",
      "time_received": "12:03:56.3696"
    },
    {
      "makerOrderId": "67470aa8754b1e00073c394d",
      "price": "0.6316",
      "sequence": "5741238106994689",
      "side": "buy",
      "size": "94.49",
      "symbol": "CHILLGUY-USDT",
      "takerOrderId": "67470aac754b1e00073c547b",
      "time": "1732709036723000000",
      "tradeId": "5741238106994689",
      "type": "match",
      "time_received": "12:03:56.7622"
    },
    {
      "makerOrderId": "67470aae33b8f30007e64416",
      "price": "0.6346",
      "sequence": "5741238904567809",
      "side": "buy",
      "size": "391.64",
      "symbol": "CHILLGUY-USDT",
      "takerOrderId": "67470aae725fc600078bfdef",
      "time": "1732709038611000000",
      "tradeId": "5741238904567809",
      "type": "match",
      "time_received": "12:03:58.6495"
    },
    {
      "makerOrderId": "67470ab2a69a4c0007dba049",
      "price": "0.6335",
      "sequence": "5741241513162753",
      "side": "buy",
      "size": "157.85",
      "symbol": "CHILLGUY-USDT",
      "takerOrderId": "67470ab45a55500007932858",
      "time": "1732709045000000000",
      "tradeId": "5741241513162753",
      "type": "match",
      "time_received": "12:04:05.0391"
    },
    {
      "makerOrderId": "67470ab6b38d120007ffe428",
      "price": "0.6323",
      "sequence": "5741242592409601",
      "side": "buy",
      "size": "31.95",
      "symbol": "CHILLGUY-USDT",
      "takerOrderId": "67470ab6812d4000076f6ace",
      "time": "1732709046867000000",
      "tradeId": "5741242592409601",
      "type": "match",
      "time_received": "12:04:06.9077"
    },
    {
      "makerOrderId": "67470ab71adbea0007350c43",
      "price": "0.6318",
      "sequence": "5741242801993729",
      "side": "buy",
      "size": "34.7",
      "symbol": "CHILLGUY-USDT",
      "takerOrderId": "67470ab72033a50007fdaa5a",
      "time": "1732709047294000000",
      "tradeId": "5741242801993729",
      "type": "match",
      "time_received": "12:04:07.3323"
    },
    {
      "makerOrderId": "67470ab71adbea0007350c43",
      "price": "0.6318",
      "sequence": "5741242819819521",
      "side": "buy",
      "size": "82.3",
      "symbol": "CHILLGUY-USDT",
      "takerOrderId": "67470ab7b38d120007ffeb7a",
      "time": "1732709047340000000",
      "tradeId": "5741242819819521",
      "type": "match",
      "time_received": "12:04:07.3782"
    },
    {
      "makerOrderId": "67470ab71adbea0007350c43",
      "price": "0.6318",
      "sequence": "5741242983004161",
      "side": "buy",
      "size": "30.4",
      "symbol": "CHILLGUY-USDT",
      "takerOrderId": "67470ab7e21c74000716eb29",
      "time": "1732709047738000000",
      "tradeId": "5741242983004161",
      "type": "match",
      "time_received": "12:04:07.7800"
    },
    {
      "makerOrderId": "67470ab71adbea0007350c43",
      "price": "0.6318",
      "sequence": "5741245019076609",
      "side": "buy",
      "size": "22.09",
      "symbol": "CHILLGUY-USDT",
      "takerOrderId": "67470abc754b1e00073cbe27",
      "time": "1732709052731000000",
      "tradeId": "5741245019076609",
      "type": "match",
      "time_received": "12:04:12.7671"
    },
    {
      "makerOrderId": "67470abedcdd7b00079c3fb9",
      "price": "0.6341",
      "sequence": "5741246593513473",
      "side": "buy",
      "size": "0.17",
      "symbol": "CHILLGUY-USDT",
      "takerOrderId": "67470ac05e5d4c0007a88352",
      "time": "1732709056576000000",
      "tradeId": "5741246593513473",
      "type": "match",
      "time_received": "12:04:16.6169"
    },
    {
      "makerOrderId": "67470ac1ef434f000719c276",
      "price": "0.633",
      "sequence": "5741248035043329",
      "side": "buy",
      "size": "75.91",
      "symbol": "CHILLGUY-USDT",
      "takerOrderId": "67470ac3eaedf5000720fbf4",
      "time": "1732709059756000000",
      "tradeId": "5741248035043329",
      "type": "match",
      "time_received": "12:04:19.7954"
    },
    {
      "makerOrderId": "67470ac1ef434f000719c276",
      "price": "0.633",
      "sequence": "5741248308066305",
      "side": "buy",
      "size": "25.25",
      "symbol": "CHILLGUY-USDT",
      "takerOrderId": "67470ac4b38d120007003c46",
      "time": "1732709060186000000",
      "tradeId": "5741248308066305",
      "type": "match",
      "time_received": "12:04:20.2204"
    },
    {
      "makerOrderId": "67470ac1ef434f000719c276",
      "price": "0.633",
      "sequence": "5741248791721985",
      "side": "buy",
      "size": "1",
      "symbol": "CHILLGUY-USDT",
      "takerOrderId": "67470ac5eaedf50007210ae2",
      "time": "1732709061314000000",
      "tradeId": "5741248791721985",
      "type": "match",
      "time_received": "12:04:21.3554"
    },
    {
      "makerOrderId": "67470ac1ef434f000719c276",
      "price": "0.633",
      "sequence": "5741249281275905",
      "side": "buy",
      "size": "286.32",
      "symbol": "CHILLGUY-USDT",
      "takerOrderId": "67470ac6ba86a0000746c168",
      "time": "1732709062331000000",
      "tradeId": "5741249281275905",
      "type": "match",
      "time_received": "12:04:22.3744"
    },
    {
      "makerOrderId": "67470ac21adbea0007354e07",
      "price": "0.6338",
      "sequence": "5741249311684609",
      "side": "buy",
      "size": "74.47",
      "symbol": "CHILLGUY-USDT",
      "takerOrderId": "67470ac6b26bfb0007615bab",
      "time": "1732709062367000000",
      "tradeId": "5741249311684609",
      "type": "match",
      "time_received": "12:04:22.4062"
    },
    {
      "makerOrderId": "67470ac21adbea0007354e07",
      "price": "0.6338",
      "sequence": "5741249311946753",
      "side": "buy",
      "size": "274.4",
      "symbol": "CHILLGUY-USDT",
      "takerOrderId": "67470ac6633e91000759726a",
      "time": "1732709062368000000",
      "tradeId": "5741249311946753",
      "type": "match",
      "time_received": "12:04:22.4064"
    },
    {
      "makerOrderId": "67470ac21adbea0007354e07",
      "price": "0.6338",
      "sequence": "5741249320073217",
      "side": "buy",
      "size": "6.08",
      "symbol": "CHILLGUY-USDT",
      "takerOrderId": "67470ac633b8f30007e6e629",
      "time": "1732709062375000000",
      "tradeId": "5741249320073217",
      "type": "match",
      "time_received": "12:04:22.4150"
    },
    {
      "makerOrderId": "67470ac21adbea0007354e07",
      "price": "0.6338",
      "sequence": "5741249352185857",
      "side": "buy",
      "size": "53.29",
      "symbol": "CHILLGUY-USDT",
      "takerOrderId": "67470ac6ba86a0000746c18b",
      "time": "1732709062402000000",
      "tradeId": "5741249352185857",
      "type": "match",
      "time_received": "12:04:22.4396"
    },
    {
      "makerOrderId": "67470ac21adbea0007354e07",
      "price": "0.6338",
      "sequence": "5741249386657793",
      "side": "buy",
      "size": "116.54",
      "symbol": "CHILLGUY-USDT",
      "takerOrderId": "67470ac6eaedf500072115f9",
      "time": "1732709062432000000",
      "tradeId": "5741249386657793",
      "type": "match",
      "time_received": "12:04:22.4714"
    },
    {
      "makerOrderId": "67470ac21adbea0007354e07",
      "price": "0.6338",
      "sequence": "5741249388230657",
      "side": "buy",
      "size": "116.54",
      "symbol": "CHILLGUY-USDT",
      "takerOrderId": "67470ac6b6d5080007362f54",
      "time": "1732709062433000000",
      "tradeId": "5741249388230657",
      "type": "match",
      "time_received": "12:04:22.4716"
    },
    {
      "makerOrderId": "67470ac21adbea0007354e07",
      "price": "0.6338",
      "sequence": "5741249388361729",
      "side": "buy",
      "size": "116.54",
      "symbol": "CHILLGUY-USDT",
      "takerOrderId": "67470ac6754b1e00073d0354",
      "time": "1732709062433000000",
      "tradeId": "5741249388361729",
      "type": "match",
      "time_received": "12:04:22.4717"
    },
    {
      "makerOrderId": "67470ac21adbea0007354e07",
      "price": "0.6338",
      "sequence": "5741249388886017",
      "side": "buy",
      "size": "116.54",
      "symbol": "CHILLGUY-USDT",
      "takerOrderId": "67470ac6b6d5080007362f5a",
      "time": "1732709062434000000",
      "tradeId": "5741249388886017",
      "type": "match",
      "time_received": "12:04:22.4717"
    },
    {
      "makerOrderId": "67470ac21adbea0007354e07",
      "price": "0.6338",
      "sequence": "5741249394391041",
      "side": "buy",
      "size": "15.36",
      "symbol": "CHILLGUY-USDT",
      "takerOrderId": "67470ac6ef434f000719ece1",
      "time": "1732709062439000000",
      "tradeId": "5741249394391041",
      "type": "match",
      "time_received": "12:04:22.4771"
    },
    {
      "makerOrderId": "67470ac21adbea0007354e07",
      "price": "0.6338",
      "sequence": "5741249397667841",
      "side": "buy",
      "size": "11.21",
      "symbol": "CHILLGUY-USDT",
      "takerOrderId": "67470ac6eaedf5000721162d",
      "time": "1732709062442000000",
      "tradeId": "5741249397667841",
      "type": "match",
      "time_received": "12:04:22.4771"
    },
    {
      "makerOrderId": "67470ac21adbea0007354e07",
      "price": "0.6338",
      "sequence": "5741249400289281",
      "side": "buy",
      "size": "106.39",
      "symbol": "CHILLGUY-USDT",
      "takerOrderId": "67470ac6812d4000076fd4bb",
      "time": "1732709062444000000",
      "tradeId": "5741249400289281",
      "type": "match",
      "time_received": "12:04:22.4772"
    },
    {
      "makerOrderId": "67470ac21adbea0007354e07",
      "price": "0.6338",
      "sequence": "5741249402124289",
      "side": "buy",
      "size": "81.03",
      "symbol": "CHILLGUY-USDT",
      "takerOrderId": "67470ac6a69a4c0007dc2a49",
      "time": "1732709062446000000",
      "tradeId": "5741249402124289",
      "type": "match",
      "time_received": "12:04:22.4863"
    },
    {
      "makerOrderId": "67470ac21adbea0007354e07",
      "price": "0.6338",
      "sequence": "5741249407105025",
      "side": "buy",
      "size": "108.04",
      "symbol": "CHILLGUY-USDT",
      "takerOrderId": "67470ac69e4e4000074a5a4b",
      "time": "1732709062451000000",
      "tradeId": "5741249407105025",
      "type": "match",
      "time_received": "12:04:22.4864"
    },
    {
      "makerOrderId": "67470ac21adbea0007354e07",
      "price": "0.6338",
      "sequence": "5741249414182913",
      "side": "buy",
      "size": "86.87",
      "symbol": "CHILLGUY-USDT",
      "takerOrderId": "67470ac6b38d120007005114",
      "time": "1732709062456000000",
      "tradeId": "5741249414182913",
      "type": "match",
      "time_received": "12:04:22.4930"
    },
    {
      "makerOrderId": "67470ac21adbea0007354e07",
      "price": "0.6338",
      "sequence": "5741249417590785",
      "side": "buy",
      "size": "30.12",
      "symbol": "CHILLGUY-USDT",
      "takerOrderId": "67470ac6a69a4c0007dc2a9a",
      "time": "1732709062460000000",
      "tradeId": "5741249417590785",
      "type": "match",
      "time_received": "12:04:22.4968"
    },
    {
      "makerOrderId": "67470ac21adbea0007354e07",
      "price": "0.6338",
      "sequence": "5741249424406529",
      "side": "buy",
      "size": "116.54",
      "symbol": "CHILLGUY-USDT",
      "takerOrderId": "67470ac6a69a4c0007dc2abb",
      "time": "1732709062466000000",
      "tradeId": "5741249424406529",
      "type": "match",
      "time_received": "12:04:22.5061"
    },
    {
      "makerOrderId": "67470ac21adbea0007354e07",
      "price": "0.6338",
      "sequence": "5741249424537601",
      "side": "buy",
      "size": "108.49",
      "symbol": "CHILLGUY-USDT",
      "takerOrderId": "67470ac6439c1000076314cd",
      "time": "1732709062466000000",
      "tradeId": "5741249424537601",
      "type": "match",
      "time_received": "12:04:22.5062"
    },
    {
      "makerOrderId": "67470ac21adbea0007354e07",
      "price": "0.6338",
      "sequence": "5741249435023361",
      "side": "buy",
      "size": "13.18",
      "symbol": "CHILLGUY-USDT",
      "takerOrderId": "67470ac65e5d4c0007a8b426",
      "time": "1732709062475000000",
      "tradeId": "5741249435023361",
      "type": "match",
      "time_received": "12:04:22.5138"
    },
    {
      "makerOrderId": "67470ac21adbea0007354e07",
      "price": "0.6338",
      "sequence": "5741249440528385",
      "side": "buy",
      "size": "116.54",
      "symbol": "CHILLGUY-USDT",
      "takerOrderId": "67470ac68b053b00076f4a9b",
      "time": "1732709062480000000",
      "tradeId": "5741249440528385",
      "type": "match",
      "time_received": "12:04:22.5189"
    },
    {
      "makerOrderId": "67470ac21adbea0007354e07",
      "price": "0.6338",
      "sequence": "5741249443280897",
      "side": "buy",
      "size": "17.71",
