[
  {
    "price": "0.02",
    "sequence": "5553315710908417",
    "side": "sell",
    "size": "10",
    "symbol": "ASI-USDT",
    "time": "1732186800000000000",
    "tradeId": "5553315710908417",
    "type": "match",
    "time_data_received": "11:00:00.0717"
  },
  {
    "makerOrderId": "673f090ecf286a00071afb2a",
    "price": "0.10923",
    "sequence": "5553315711563777",
    "side": "buy",
    "size": "4860",
    "symbol": "ASI-USDT",
    "takerOrderId": "673f12b0cf286a00074f23c0",
    "time": "1732186800016000000",
    "tradeId": "5553315711563777",
    "type": "match",
    "time_data_received": "11:00:00.0721"
  },
  {
    "makerOrderId": "673f090d4fe7460007d6c3a2",
    "price": "0.11385",
    "sequence": "5553315711563780",
    "side": "buy",
    "size": "2009",
    "symbol": "ASI-USDT",
    "takerOrderId": "673f12b0cf286a00074f23c0",
    "time": "1732186800016000000",
    "tradeId": "5553315711563780",
    "type": "match",
    "time_data_received": "11:00:00.0731"
  },
  {
    "makerOrderId": "673f090d4fe7460007d6c3a2",
    "price": "0.11385",
    "sequence": "5553315711694849",
    "side": "buy",
    "size": "3391",
    "symbol": "ASI-USDT",
    "takerOrderId": "673f12b0cf286a00074f23c6",
    "time": "1732186800017000000",
    "tradeId": "5553315711694849",
    "type": "match",
    "time_data_received": "11:00:00.0734"
  },
  {
    "makerOrderId": "673f090e4fe7460007d6c414",
    "price": "0.11846",
    "sequence": "5553315711694852",
    "side": "buy",
    "size": "3542",
    "symbol": "ASI-USDT",
    "takerOrderId": "673f12b0cf286a00074f23c6",
    "time": "1732186800017000000",
    "tradeId": "5553315711694852",
    "type": "match",
    "time_data_received": "11:00:00.0738"
  },
  {
    "makerOrderId": "673f090e4fe7460007d6c414",
    "price": "0.11846",
    "sequence": "5553315712219137",
    "side": "buy",
    "size": "2458",
    "symbol": "ASI-USDT",
    "takerOrderId": "673f12b0c65bf7000743941a",
    "time": "1732186800018000000",
    "tradeId": "5553315712219137",
    "type": "match",
    "time_data_received": "11:00:00.0744"
  },
  {
    "makerOrderId": "673f090ec5ba74000763f3ad",
    "price": "0.12308",
    "sequence": "5553315712219140",
    "side": "buy",
    "size": "4475",
    "symbol": "ASI-USDT",
    "takerOrderId": "673f12b0c65bf7000743941a",
    "time": "1732186800018000000",
    "tradeId": "5553315712219140",
    "type": "match",
    "time_data_received": "11:00:00.0746"
  },
  {
    "makerOrderId": "673f090ec5ba74000763f3ad",
    "price": "0.12308",
    "sequence": "5553315714054145",
    "side": "buy",
    "size": "2195",
    "symbol": "ASI-USDT",
    "takerOrderId": "673f12b0c65bf70007439437",
    "time": "1732186800023000000",
    "tradeId": "5553315714054145",
    "type": "match",
    "time_data_received": "11:00:00.0749"
  },
  {
    "makerOrderId": "673f090ef4a7c50007765e4e",
    "price": "0.12769",
    "sequence": "5553315714054148",
    "side": "buy",
    "size": "4738",
    "symbol": "ASI-USDT",
    "takerOrderId": "673f12b0c65bf70007439437",
    "time": "1732186800023000000",
    "tradeId": "5553315714054148",
    "type": "match",
    "time_data_received": "11:00:00.0751"
  },
  {
    "makerOrderId": "673f090ef4a7c50007765e4e",
    "price": "0.12769",
    "sequence": "5553315714578433",
    "side": "buy",
    "size": "2672",
    "symbol": "ASI-USDT",
    "takerOrderId": "673f12b0cf286a00074f23f7",
    "time": "1732186800024000000",
    "tradeId": "5553315714578433",
    "type": "match",
    "time_data_received": "11:00:00.0753"
  },
  {
    "makerOrderId": "673f090eb7e21a0007404892",
    "price": "0.13231",
    "sequence": "5553315714578436",
    "side": "buy",
    "size": "4197",
    "symbol": "ASI-USDT",
    "takerOrderId": "673f12b0cf286a00074f23f7",
    "time": "1732186800024000000",
    "tradeId": "5553315714578436",
    "type": "match",
    "time_data_received": "11:00:00.1399"
  },
  {
    "makerOrderId": "673f090eb7e21a0007404892",
    "price": "0.13231",
    "sequence": "5553315714709505",
    "side": "buy",
    "size": "4033",
    "symbol": "ASI-USDT",
    "takerOrderId": "673f12b0c65bf70007439433",
    "time": "1732186800024000000",
    "tradeId": "5553315714709505",
    "type": "match",
    "time_data_received": "11:00:00.1402"
  },
  {
    "makerOrderId": "673f090ef4a7c50007765fce",
    "price": "0.13692",
    "sequence": "5553315714709508",
    "side": "buy",
    "size": "2900",
    "symbol": "ASI-USDT",
    "takerOrderId": "673f12b0c65bf70007439433",
    "time": "1732186800024000000",
    "tradeId": "5553315714709508",
    "type": "match",
    "time_data_received": "11:00:00.1407"
  },
  {
    "makerOrderId": "673f090ef4a7c50007765fce",
    "price": "0.13692",
    "sequence": "5553315714840577",
    "side": "buy",
    "size": "6240",
    "symbol": "ASI-USDT",
    "takerOrderId": "673f12b0cf286a00074f23ed",
    "time": "1732186800024000000",
    "tradeId": "5553315714840577",
    "type": "match",
    "time_data_received": "11:00:00.1409"
  },
  {
    "makerOrderId": "673f090ef1bf400007707ca8",
    "price": "0.14154",
    "sequence": "5553315714840580",
    "side": "buy",
    "size": "629",
    "symbol": "ASI-USDT",
    "takerOrderId": "673f12b0cf286a00074f23ed",
    "time": "1732186800024000000",
    "tradeId": "5553315714840580",
    "type": "match",
    "time_data_received": "11:00:00.1411"
  },
  {
    "makerOrderId": "673f090ef1bf400007707ca8",
    "price": "0.14154",
    "sequence": "5553315715627009",
    "side": "buy",
    "size": "6933",
    "symbol": "ASI-USDT",
    "takerOrderId": "673f12b0c65bf7000743946e",
    "time": "1732186800028000000",
    "tradeId": "5553315715627009",
    "type": "match",
    "time_data_received": "11:00:00.1412"
  },
  {
    "makerOrderId": "673f090ef1bf400007707ca8",
    "price": "0.14154",
    "sequence": "5553315715758081",
    "side": "buy",
    "size": "2598",
    "symbol": "ASI-USDT",
    "takerOrderId": "673f12b0cf286a00074f2414",
    "time": "1732186800028000000",
    "tradeId": "5553315715758081",
    "type": "match",
    "time_data_received": "11:00:00.1416"
  },
  {
    "makerOrderId": "673f090ef4a7c50007765f5f",
    "price": "0.14615",
    "sequence": "5553315715758084",
    "side": "buy",
    "size": "4335",
    "symbol": "ASI-USDT",
    "takerOrderId": "673f12b0cf286a00074f2414",
    "time": "1732186800028000000",
    "tradeId": "5553315715758084",
    "type": "match",
    "time_data_received": "11:00:00.1419"
  },
  {
    "makerOrderId": "673f090ef4a7c50007765f5f",
    "price": "0.14615",
    "sequence": "5553315716675585",
    "side": "buy",
    "size": "6869",
    "symbol": "ASI-USDT",
    "takerOrderId": "673f12b0c65bf7000743947e",
    "time": "1732186800031000000",
    "tradeId": "5553315716675585",
    "type": "match",
    "time_data_received": "11:00:00.1422"
  },
  {
    "makerOrderId": "673f090ef4a7c50007765f5f",
    "price": "0.14615",
    "sequence": "5553315716806657",
    "side": "buy",
    "size": "86",
    "symbol": "ASI-USDT",
    "takerOrderId": "673f12b0c65bf70007439478",
    "time": "1732186800031000000",
    "tradeId": "5553315716806657",
    "type": "match",
    "time_data_received": "11:00:00.1423"
  },
  {
    "makerOrderId": "673f090e37061e0007200d93",
    "price": "0.15077",
    "sequence": "5553315735025665",
    "side": "buy",
    "size": "6237.5",
    "symbol": "ASI-USDT",
    "takerOrderId": "673f12b0c65bf700074394f6",
    "time": "1732186800071000000",
    "tradeId": "5553315735025665",
    "type": "match",
    "time_data_received": "11:00:00.1425"
  },
  {
    "makerOrderId": "673f090e37061e0007200d93",
    "price": "0.15077",
    "sequence": "5553315735156737",
    "side": "buy",
    "size": "6237.5",
    "symbol": "ASI-USDT",
    "takerOrderId": "673f12b0c65bf700074394f5",
    "time": "1732186800071000000",
    "tradeId": "5553315735156737",
    "type": "match",
    "time_data_received": "11:00:00.1426"
  },
  {
    "makerOrderId": "673f090e37061e0007200d93",
    "price": "0.15077",
    "sequence": "5553315735287809",
    "side": "buy",
    "size": "65",
    "symbol": "ASI-USDT",
    "takerOrderId": "673f12b0c65bf70007439581",
    "time": "1732186800071000000",
    "tradeId": "5553315735287809",
    "type": "match",
    "time_data_received": "11:00:00.1428"
  },
  {
    "makerOrderId": "673f090ed52cb80007d97c49",
    "price": "0.15538",
    "sequence": "5553315735287812",
    "side": "buy",
    "size": "6172.5",
    "symbol": "ASI-USDT",
    "takerOrderId": "673f12b0c65bf70007439581",
    "time": "1732186800071000000",
    "tradeId": "5553315735287812",
    "type": "match",
    "time_data_received": "11:00:00.1430"
  },
  {
    "makerOrderId": "673f090ed52cb80007d97c49",
    "price": "0.15538",
    "sequence": "5553315735418881",
    "side": "buy",
    "size": "6237.5",
    "symbol": "ASI-USDT",
    "takerOrderId": "673f12b0c65bf7000743954b",
    "time": "1732186800071000000",
    "tradeId": "5553315735418881",
    "type": "match",
    "time_data_received": "11:00:00.1446"
  },
  {
    "makerOrderId": "673f090ed52cb80007d97c49",
    "price": "0.15538",
    "sequence": "5553315736598529",
    "side": "buy",
    "size": "10",
    "symbol": "ASI-USDT",
    "takerOrderId": "673f12b0f1bf400007a4a045",
    "time": "1732186800076000000",
    "tradeId": "5553315736598529",
    "type": "match",
    "time_data_received": "11:00:00.1453"
  },
  {
    "makerOrderId": "673f090ed52cb80007d97c49",
    "price": "0.15538",
    "sequence": "5553315749312513",
    "side": "buy",
    "size": "10",
    "symbol": "ASI-USDT",
    "takerOrderId": "673f12b0f1bf400007a4a137",
    "time": "1732186800112000000",
    "tradeId": "5553315749312513",
    "type": "match",
    "time_data_received": "11:00:00.1518"
  },
  {
    "makerOrderId": "673f090ed52cb80007d97c49",
    "price": "0.15538",
    "sequence": "5553315762157569",
    "side": "buy",
    "size": "400",
    "symbol": "ASI-USDT",
    "takerOrderId": "673f12b0cf286a00074f264d",
    "time": "1732186800153000000",
    "tradeId": "5553315762157569",
    "type": "match",
    "time_data_received": "11:00:00.1924"
  },
  {
    "makerOrderId": "673f090ed52cb80007d97c49",
    "price": "0.15538",
    "sequence": "5553315773822977",
    "side": "buy",
    "size": "20",
    "symbol": "ASI-USDT",
    "takerOrderId": "673f12b068486d000799a48f",
    "time": "1732186800192000000",
    "tradeId": "5553315773822977",
    "type": "match",
    "time_data_received": "11:00:00.2295"
  },
  {
    "makerOrderId": "673f090ed52cb80007d97c49",
    "price": "0.15538",
    "sequence": "5553315776313345",
    "side": "buy",
    "size": "10",
    "symbol": "ASI-USDT",
    "takerOrderId": "673f12b0f1bf400007a4a240",
    "time": "1732186800199000000",
    "tradeId": "5553315776313345",
    "type": "match",
    "time_data_received": "11:00:00.2390"
  },
  {
    "makerOrderId": "673f090ed52cb80007d97c49",
    "price": "0.15538",
    "sequence": "5553315797547009",
    "side": "buy",
    "size": "11",
    "symbol": "ASI-USDT",
    "takerOrderId": "673f12b0f1bf400007a4a310",
    "time": "1732186800262000000",
    "tradeId": "5553315797547009",
    "type": "match",
    "time_data_received": "11:00:00.3032"
  },
  {
    "makerOrderId": "673f090ed52cb80007d97c49",
    "price": "0.15538",
    "sequence": "5553315799250945",
    "side": "buy",
    "size": "10",
    "symbol": "ASI-USDT",
    "takerOrderId": "673f12b04fe74600070af234",
    "time": "1732186800269000000",
    "tradeId": "5553315799250945",
    "type": "match",
    "time_data_received": "11:00:00.3111"
  },
  {
    "makerOrderId": "673f090ed52cb80007d97c49",
    "price": "0.15538",
    "sequence": "5553315803445249",
    "side": "buy",
    "size": "11",
    "symbol": "ASI-USDT",
    "takerOrderId": "673f12b0cf286a00074f27e7",
    "time": "1732186800283000000",
    "tradeId": "5553315803445249",
    "type": "match",
    "time_data_received": "11:00:00.3230"
  },
  {
    "makerOrderId": "673f090ed52cb80007d97c49",
    "price": "0.15538",
    "sequence": "5553315804362753",
    "side": "buy",
    "size": "11",
    "symbol": "ASI-USDT",
    "takerOrderId": "673f12b04fe74600070af227",
    "time": "1732186800285000000",
    "tradeId": "5553315804362753",
    "type": "match",
    "time_data_received": "11:00:00.3231"
  },
  {
    "makerOrderId": "673f090ed52cb80007d97c49",
    "price": "0.15538",
    "sequence": "5553315813537793",
    "side": "buy",
    "size": "11",
    "symbol": "ASI-USDT",
    "takerOrderId": "673f12b0c65bf700074398e1",
    "time": "1732186800313000000",
    "tradeId": "5553315813537793",
    "type": "match",
    "time_data_received": "11:00:00.3502"
  },
  {
    "makerOrderId": "673f090ed52cb80007d97c49",
    "price": "0.15538",
    "sequence": "5553315820484609",
    "side": "buy",
    "size": "10",
    "symbol": "ASI-USDT",
    "takerOrderId": "673f12b0088f010007b872ad",
    "time": "1732186800335000000",
    "tradeId": "5553315820484609",
    "type": "match",
    "time_data_received": "11:00:00.3741"
  },
  {
    "makerOrderId": "673f090ed52cb80007d97c49",
    "price": "0.15538",
    "sequence": "5553315829004289",
    "side": "buy",
    "size": "1016",
    "symbol": "ASI-USDT",
    "takerOrderId": "673f12b0d52cb800070da3b9",
    "time": "1732186800349000000",
    "tradeId": "5553315829004289",
    "type": "match",
    "time_data_received": "11:00:00.3891"
  },
  {
    "makerOrderId": "673f090ef4f120000794b861",
    "price": "0.16",
    "sequence": "5553315829004292",
    "side": "buy",
    "size": "1484",
    "symbol": "ASI-USDT",
    "takerOrderId": "673f12b0d52cb800070da3b9",
    "time": "1732186800349000000",
    "tradeId": "5553315829004292",
    "type": "match",
    "time_data_received": "11:00:00.3893"
  },
  {
    "makerOrderId": "673f090ef4f120000794b861",
    "price": "0.16",
    "sequence": "5553315840931841",
    "side": "buy",
    "size": "10",
    "symbol": "ASI-USDT",
    "takerOrderId": "673f12b068486d000799a6fa",
    "time": "1732186800364000000",
    "tradeId": "5553315840931841",
    "type": "match",
    "time_data_received": "11:00:00.4001"
  },
  {
    "makerOrderId": "673f090ef4f120000794b861",
    "price": "0.16",
    "sequence": "5553315859281921",
    "side": "buy",
    "size": "10",
    "symbol": "ASI-USDT",
    "takerOrderId": "673f12b04fe74600070af3f7",
    "time": "1732186800398000000",
    "tradeId": "5553315859281921",
    "type": "match",
    "time_data_received": "11:00:00.4380"
  },
  {
    "makerOrderId": "673f090ef4f120000794b861",
    "price": "0.16",
    "sequence": "5553315862427649",
    "side": "buy",
    "size": "10",
    "symbol": "ASI-USDT",
    "takerOrderId": "673f12b031d09500073b74a5",
    "time": "1732186800402000000",
    "tradeId": "5553315862427649",
    "type": "match",
    "time_data_received": "11:00:00.4382"
  },
  {
    "makerOrderId": "673f090ef4f120000794b861",
    "price": "0.16",
    "sequence": "5553315867408385",
    "side": "buy",
    "size": "10",
    "symbol": "ASI-USDT",
    "takerOrderId": "673f12b031d09500073b74cf",
    "time": "1732186800413000000",
    "tradeId": "5553315867408385",
    "type": "match",
    "time_data_received": "11:00:00.4534"
  },
  {
    "makerOrderId": "673f12b0c65bf70007439478",
    "price": "0.15",
    "sequence": "5553315870554113",
    "side": "sell",
    "size": "10.9",
    "symbol": "ASI-USDT",
    "takerOrderId": "673f12b06967d3000713d310",
    "time": "1732186800420000000",
    "tradeId": "5553315870554113",
    "type": "match",
    "time_data_received": "11:00:00.4583"
  },
  {
    "makerOrderId": "673f090ef4f120000794b861",
    "price": "0.16",
    "sequence": "5553315870947329",
    "side": "buy",
    "size": "10",
    "symbol": "ASI-USDT",
    "takerOrderId": "673f12b067cdc900075bef59",
    "time": "1732186800420000000",
    "tradeId": "5553315870947329",
    "type": "match",
    "time_data_received": "11:00:00.4584"
  },
  {
    "makerOrderId": "673f090ef4f120000794b861",
    "price": "0.16",
    "sequence": "5553315872126977",
    "side": "buy",
    "size": "10",
    "symbol": "ASI-USDT",
    "takerOrderId": "673f12b0df6f6e0007846ac8",
    "time": "1732186800424000000",
    "tradeId": "5553315872126977",
    "type": "match",
    "time_data_received": "11:00:00.4637"
  },
  {
    "makerOrderId": "673f090ef4f120000794b861",
    "price": "0.16",
    "sequence": "5553315873306625",
    "side": "buy",
    "size": "10",
    "symbol": "ASI-USDT",
    "takerOrderId": "673f12b0c5ba7400079825d5",
    "time": "1732186800426000000",
    "tradeId": "5553315873306625",
    "type": "match",
    "time_data_received": "11:00:00.4714"
  },
  {
    "makerOrderId": "673f090ef4f120000794b861",
    "price": "0.16",
    "sequence": "5553315873437697",
    "side": "buy",
    "size": "300",
    "symbol": "ASI-USDT",
    "takerOrderId": "673f12b06967d3000713d2d6",
    "time": "1732186800426000000",
    "tradeId": "5553315873437697",
    "type": "match",
    "time_data_received": "11:00:00.4717"
  },
  {
    "makerOrderId": "673f12b0c65bf70007439478",
    "price": "0.15",
    "sequence": "5553315880253441",
    "side": "sell",
    "size": "10.9",
    "symbol": "ASI-USDT",
    "takerOrderId": "673f12b0df6f6e0007846ab6",
    "time": "1732186800436000000",
    "tradeId": "5553315880253441",
    "type": "match",
    "time_data_received": "11:00:00.4769"
  },
  {
    "makerOrderId": "673f12b0c65bf70007439478",
    "price": "0.15",
    "sequence": "5553315882219521",
    "side": "sell",
    "size": "10.9",
    "symbol": "ASI-USDT",
    "takerOrderId": "673f12b06967d3000713d357",
    "time": "1732186800440000000",
    "tradeId": "5553315882219521",
    "type": "match",
    "time_data_received": "11:00:00.4774"
  },
  {
    "makerOrderId": "673f12b0c65bf70007439478",
    "price": "0.15",
    "sequence": "5553315882612737",
    "side": "sell",
    "size": "10.9",
    "symbol": "ASI-USDT",
    "takerOrderId": "673f12b01586c10007aebaaa",
    "time": "1732186800441000000",
    "tradeId": "5553315882612737",
    "type": "match",
    "time_data_received": "11:00:00.4776"
  },
  {
    "makerOrderId": "673f090ef4f120000794b861",
    "price": "0.16",
    "sequence": "5553315888904193",
    "side": "buy",
    "size": "10",
    "symbol": "ASI-USDT",
    "takerOrderId": "673f12b00d855300072ef70e",
    "time": "1732186800457000000",
    "tradeId": "5553315888904193",
    "type": "match",
    "time_data_received": "11:00:00.4951"
  },
  {
    "makerOrderId": "673f090ef4f120000794b861",
    "price": "0.16",
    "sequence": "5553315902797825",
    "side": "buy",
    "size": "10",
    "symbol": "ASI-USDT",
    "takerOrderId": "673f12b0ae93cc0007d8737c",
    "time": "1732186800483000000",
    "tradeId": "5553315902797825",
    "type": "match",
    "time_data_received": "11:00:00.5288"
  },
  {
    "makerOrderId": "673f090ef4f120000794b861",
    "price": "0.16",
    "sequence": "5553315918133249",
    "side": "buy",
    "size": "10",
    "symbol": "ASI-USDT",
    "takerOrderId": "673f12b04fe74600070af567",
    "time": "1732186800508000000",
    "tradeId": "5553315918133249",
    "type": "match",
    "time_data_received": "11:00:00.5454"
  },
  {
    "makerOrderId": "673f090ef4f120000794b861",
    "price": "0.16",
    "sequence": "5553315934910465",
    "side": "buy",
    "size": "10",
    "symbol": "ASI-USDT",
    "takerOrderId": "673f12b0f4f1200007c8e5a6",
    "time": "1732186800553000000",
    "tradeId": "5553315934910465",
    "type": "match",
    "time_data_received": "11:00:00.5944"
  },
  {
    "makerOrderId": "673f090ef4f120000794b861",
    "price": "0.16",
    "sequence": "5553315935041537",
    "side": "buy",
    "size": "10",
    "symbol": "ASI-USDT",
    "takerOrderId": "673f12b04fe74600070af618",
    "time": "1732186800553000000",
    "tradeId": "5553315935041537",
    "type": "match",
    "time_data_received": "11:00:00.5946"
  },
  {
    "makerOrderId": "673f090ef4f120000794b861",
    "price": "0.16",
    "sequence": "5553315937662977",
    "side": "buy",
    "size": "10",
    "symbol": "ASI-USDT",
    "takerOrderId": "673f12b0f15b270007b0f42b",
    "time": "1732186800557000000",
    "tradeId": "5553315937662977",
    "type": "match",
    "time_data_received": "11:00:00.5948"
  },
  {
    "makerOrderId": "673f090ef4f120000794b861",
    "price": "0.16",
    "sequence": "5553315945920513",
    "side": "buy",
    "size": "10",
    "symbol": "ASI-USDT",
    "takerOrderId": "673f12b0c65bf70007439cdc",
    "time": "1732186800574000000",
    "tradeId": "5553315945920513",
    "type": "match",
    "time_data_received": "11:00:00.6136"
  },
  {
    "makerOrderId": "673f090ef4f120000794b861",
    "price": "0.16",
    "sequence": "5553315954964481",
    "side": "buy",
    "size": "10",
    "symbol": "ASI-USDT",
    "takerOrderId": "673f12b0c5ba740007982860",
    "time": "1732186800594000000",
    "tradeId": "5553315954964481",
    "type": "match",
    "time_data_received": "11:00:00.6321"
  },
  {
    "makerOrderId": "673f090ef4f120000794b861",
    "price": "0.16",
    "sequence": "5553315958896641",
    "side": "buy",
    "size": "10",
    "symbol": "ASI-USDT",
    "takerOrderId": "673f12b04fe74600070af6cf",
    "time": "1732186800603000000",
    "tradeId": "5553315958896641",
    "type": "match",
    "time_data_received": "11:00:00.6385"
  },
  {
    "makerOrderId": "673f090ef4f120000794b861",
    "price": "0.16",
    "sequence": "5553315986290689",
    "side": "buy",
    "size": "10",
    "symbol": "ASI-USDT",
    "takerOrderId": "673f12b0f1bf400007a4a84d",
    "time": "1732186800658000000",
    "tradeId": "5553315986290689",
    "type": "match",
    "time_data_received": "11:00:00.6955"
  },
  {
    "makerOrderId": "673f090ef4f120000794b861",
    "price": "0.16",
    "sequence": "5553315991664641",
    "side": "buy",
    "size": "10",
    "symbol": "ASI-USDT",
    "takerOrderId": "673f12b0b7e21a0007746752",
    "time": "1732186800674000000",
    "tradeId": "5553315991664641",
    "type": "match",
    "time_data_received": "11:00:00.7147"
  },
  {
    "makerOrderId": "673f090ef4f120000794b861",
    "price": "0.16",
    "sequence": "5553315992451073",
    "side": "buy",
    "size": "10",
    "symbol": "ASI-USDT",
    "takerOrderId": "673f12b0f4a7c50007aa8c8e",
    "time": "1732186800677000000",
    "tradeId": "5553315992451073",
    "type": "match",
    "time_data_received": "11:00:00.7151"
  },
  {
    "makerOrderId": "673f090ef4f120000794b861",
    "price": "0.16",
    "sequence": "5553316003067905",
    "side": "buy",
    "size": "10",
    "symbol": "ASI-USDT",
    "takerOrderId": "673f12b06967d3000713d6ea",
    "time": "1732186800700000000",
    "tradeId": "5553316003067905",
    "type": "match",
    "time_data_received": "11:00:00.7364"
  },
  {
    "makerOrderId": "673f090ef4f120000794b861",
    "price": "0.16",
    "sequence": "5553316014209025",
    "side": "buy",
    "size": "10",
    "symbol": "ASI-USDT",
    "takerOrderId": "673f12b068486d000799abcd",
    "time": "1732186800729000000",
    "tradeId": "5553316014209025",
    "type": "match",
    "time_data_received": "11:00:00.7647"
  },
  {
    "makerOrderId": "673f090ef4f120000794b861",
    "price": "0.16",
    "sequence": "5553316014471169",
    "side": "buy",
    "size": "10",
    "symbol": "ASI-USDT",
    "takerOrderId": "673f12b067cdc900075bf37e",
    "time": "1732186800729000000",
    "tradeId": "5553316014471169",
    "type": "match",
    "time_data_received": "11:00:00.7648"
  },
  {
    "makerOrderId": "673f090ef4f120000794b861",
    "price": "0.16",
    "sequence": "5553316015519745",
    "side": "buy",
    "size": "10",
    "symbol": "ASI-USDT",
    "takerOrderId": "673f12b0f4a7c50007aa8d1a",
    "time": "1732186800732000000",
    "tradeId": "5553316015519745",
    "type": "match",
    "time_data_received": "11:00:00.7708"
  },
  {
    "makerOrderId": "673f090ef4f120000794b861",
    "price": "0.16",
    "sequence": "5553316018010113",
    "side": "buy",
    "size": "10",
    "symbol": "ASI-USDT",
    "takerOrderId": "673f12b067cdc900075bf398",
    "time": "1732186800742000000",
    "tradeId": "5553316018010113",
    "type": "match",
    "time_data_received": "11:00:00.7847"
  },
  {
    "makerOrderId": "673f090ef4f120000794b861",
    "price": "0.16",
    "sequence": "5553316024956929",
    "side": "buy",
    "size": "10",
    "symbol": "ASI-USDT",
    "takerOrderId": "673f12b04fe74600070af8bc",
    "time": "1732186800764000000",
    "tradeId": "5553316024956929",
    "type": "match",
    "time_data_received": "11:00:00.8041"
  },
  {
    "makerOrderId": "673f090ef4f120000794b861",
    "price": "0.16",
    "sequence": "5553316042520577",
    "side": "buy",
    "size": "10",
    "symbol": "ASI-USDT",
    "takerOrderId": "673f12b0c65bf70007439fe9",
    "time": "1732186800816000000",
    "tradeId": "5553316042520577",
    "type": "match",
    "time_data_received": "11:00:00.8567"
  },
  {
    "makerOrderId": "673f090ef4f120000794b861",
    "price": "0.16",
    "sequence": "5553316043700225",
    "side": "buy",
    "size": "10",
    "symbol": "ASI-USDT",
    "takerOrderId": "673f12b0df6f6e0007847006",
    "time": "1732186800819000000",
    "tradeId": "5553316043700225",
    "type": "match",
    "time_data_received": "11:00:00.8568"
  },
  {
    "makerOrderId": "673f090ef4f120000794b861",
    "price": "0.16",
    "sequence": "5553316048025601",
    "side": "buy",
    "size": "10",
    "symbol": "ASI-USDT",
    "takerOrderId": "673f12b0c5ba740007982b13",
    "time": "1732186800833000000",
    "tradeId": "5553316048025601",
    "type": "match",
    "time_data_received": "11:00:00.8716"
  },
  {
    "makerOrderId": "673f090ef4f120000794b861",
    "price": "0.16",
    "sequence": "5553316052613121",
    "side": "buy",
    "size": "10",
    "symbol": "ASI-USDT",
    "takerOrderId": "673f12b0f4f1200007c8e924",
    "time": "1732186800841000000",
    "tradeId": "5553316052613121",
    "type": "match",
    "time_data_received": "11:00:00.8788"
  },
  {
    "makerOrderId": "673f090ef4f120000794b861",
    "price": "0.16",
    "sequence": "5553316056545281",
    "side": "buy",
    "size": "10",
    "symbol": "ASI-USDT",
    "takerOrderId": "673f12b0c5ba740007982b65",
    "time": "1732186800860000000",
    "tradeId": "5553316056545281",
    "type": "match",
    "time_data_received": "11:00:00.8955"
  },
  {
    "makerOrderId": "673f090ef4f120000794b861",
    "price": "0.16",
    "sequence": "5553316061263873",
    "side": "buy",
    "size": "10",
    "symbol": "ASI-USDT",
    "takerOrderId": "673f12b0c65bf7000743a063",
    "time": "1732186800873000000",
    "tradeId": "5553316061263873",
    "type": "match",
    "time_data_received": "11:00:00.9097"
  },
  {
    "makerOrderId": "673f090ef4f120000794b861",
    "price": "0.16",
    "sequence": "5553316082235393",
    "side": "buy",
    "size": "10",
    "symbol": "ASI-USDT",
    "takerOrderId": "673f12b068486d000799ad8c",
    "time": "1732186800878000000",
    "tradeId": "5553316082235393",
    "type": "match",
    "time_data_received": "11:00:00.9210"
  },
  {
    "makerOrderId": "673f090ef4f120000794b861",
    "price": "0.16",
    "sequence": "5553316093507585",
    "side": "buy",
    "size": "10",
    "symbol": "ASI-USDT",
    "takerOrderId": "673f12b067cdc900075bf580",
    "time": "1732186800911000000",
    "tradeId": "5553316093507585",
    "type": "match",
    "time_data_received": "11:00:00.9506"
  },
  {
    "makerOrderId": "673f090ef4f120000794b861",
    "price": "0.16",
    "sequence": "5553316105172993",
    "side": "buy",
    "size": "10",
    "symbol": "ASI-USDT",
    "takerOrderId": "673f12b0f4f1200007c8ea2f",
    "time": "1732186800950000000",
    "tradeId": "5553316105172993",
    "type": "match",
    "time_data_received": "11:00:00.9864"
  },
  {
    "makerOrderId": "673f090ef4f120000794b861",
    "price": "0.16",
    "sequence": "5553316112644097",
    "side": "buy",
    "size": "10",
    "symbol": "ASI-USDT",
    "takerOrderId": "673f12b0c65bf7000743a131",
    "time": "1732186800971000000",
    "tradeId": "5553316112644097",
    "type": "match",
    "time_data_received": "11:00:01.0121"
  },
  {
    "makerOrderId": "673f090ef4f120000794b861",
    "price": "0.16",
    "sequence": "5553316112775169",
    "side": "buy",
    "size": "10",
    "symbol": "ASI-USDT",
    "takerOrderId": "673f12b0f4f1200007c8ea6b",
    "time": "1732186800971000000",
    "tradeId": "5553316112775169",
    "type": "match",
    "time_data_received": "11:00:01.0124"
  },
  {
    "makerOrderId": "673f090ef4f120000794b861",
    "price": "0.16",
    "sequence": "5553316112906241",
    "side": "buy",
    "size": "10",
    "symbol": "ASI-USDT",
    "takerOrderId": "673f12b0b7e21a0007746a66",
    "time": "1732186800971000000",
    "tradeId": "5553316112906241",
    "type": "match",
    "time_data_received": "11:00:01.0130"
  },
  {
    "makerOrderId": "673f090ef4f120000794b861",
    "price": "0.16",
    "sequence": "5553316113168385",
    "side": "buy",
    "size": "10",
    "symbol": "ASI-USDT",
    "takerOrderId": "673f12b0f15b270007b0f909",
    "time": "1732186800972000000",
    "tradeId": "5553316113168385",
    "type": "match",
    "time_data_received": "11:00:01.0133"
  },
  {
    "makerOrderId": "673f090ef4f120000794b861",
    "price": "0.16",
    "sequence": "5553316134139905",
    "side": "buy",
    "size": "10",
    "symbol": "ASI-USDT",
    "takerOrderId": "673f12b1088f010007b87b28",
    "time": "1732186801024000000",
    "tradeId": "5553316134139905",
    "type": "match",
    "time_data_received": "11:00:01.0646"
  },
  {
    "makerOrderId": "673f090ef4f120000794b861",
    "price": "0.16",
    "sequence": "5553316139251713",
    "side": "buy",
    "size": "10",
    "symbol": "ASI-USDT",
    "takerOrderId": "673f12b1c65bf7000743a1ca",
    "time": "1732186801043000000",
    "tradeId": "5553316139251713",
    "type": "match",
    "time_data_received": "11:00:01.0767"
  },
  {
    "makerOrderId": "673f090ef4f120000794b861",
    "price": "0.16",
    "sequence": "5553316155635715",
    "side": "buy",
    "size": "10",
    "symbol": "ASI-USDT",
    "takerOrderId": "673f12b1c65bf7000743a274",
    "time": "1732186801100000000",
    "tradeId": "5553316155635715",
    "type": "match",
    "time_data_received": "11:00:01.1364"
  },
  {
    "makerOrderId": "673f090ef4f120000794b861",
    "price": "0.16",
    "sequence": "5553316159961089",
    "side": "buy",
    "size": "10",
    "symbol": "ASI-USDT",
    "takerOrderId": "673f12b168486d000799b000",
    "time": "1732186801114000000",
    "tradeId": "5553316159961089",
    "type": "match",
    "time_data_received": "11:00:01.1497"
  },
  {
    "makerOrderId": "673f090ef4f120000794b861",
    "price": "0.16",
    "sequence": "5553316187617281",
    "side": "buy",
    "size": "10",
    "symbol": "ASI-USDT",
    "takerOrderId": "673f12b1f4f1200007c8ecb0",
    "time": "1732186801198000000",
    "tradeId": "5553316187617281",
    "type": "match",
    "time_data_received": "11:00:01.2356"
  },
  {
    "makerOrderId": "673f090ef4f120000794b861",
    "price": "0.16",
    "sequence": "5553316196923393",
    "side": "buy",
    "size": "86.5",
    "symbol": "ASI-USDT",
    "takerOrderId": "673f12b1b7e21a0007746cbd",
    "time": "1732186801239000000",
    "tradeId": "5553316196923393",
    "type": "match",
    "time_data_received": "11:00:01.2801"
  },
  {
    "makerOrderId": "673f090ef4f120000794b861",
    "price": "0.16",
    "sequence": "5553316197447681",
    "side": "buy",
    "size": "10",
    "symbol": "ASI-USDT",
    "takerOrderId": "673f12b1f4a7c50007aa921e",
    "time": "1732186801242000000",
    "tradeId": "5553316197447681",
    "type": "match",
    "time_data_received": "11:00:01.2808"
  },
  {
    "makerOrderId": "673f090ef4f120000794b861",
    "price": "0.16",
    "sequence": "5553316211210241",
    "side": "buy",
    "size": "10",
    "symbol": "ASI-USDT",
    "takerOrderId": "673f12b1ae93cc0007d87c27",
    "time": "1732186801285000000",
    "tradeId": "5553316211210241",
    "type": "match",
    "time_data_received": "11:00:01.3221"
  },
  {
    "makerOrderId": "673f090ef4f120000794b861",
    "price": "0.16",
    "sequence": "5553316222744577",
    "side": "buy",
    "size": "10",
    "symbol": "ASI-USDT",
    "takerOrderId": "673f12b1b7e21a0007746d54",
    "time": "1732186801309000000",
    "tradeId": "5553316222744577",
    "type": "match",
    "time_data_received": "11:00:01.3491"
  },
  {
    "makerOrderId": "673f090ef4f120000794b861",
    "price": "0.16",
    "sequence": "5553316223268865",
    "side": "buy",
    "size": "10",
    "symbol": "ASI-USDT",
    "takerOrderId": "673f12b1df6f6e0007847454",
    "time": "1732186801311000000",
    "tradeId": "5553316223268865",
    "type": "match",
    "time_data_received": "11:00:01.3494"
  },
  {
    "makerOrderId": "673f090ef4f120000794b861",
    "price": "0.16",
    "sequence": "5553316235589633",
    "side": "buy",
    "size": "10",
    "symbol": "ASI-USDT",
    "takerOrderId": "673f12b1f4a7c50007aa92e1",
    "time": "1732186801354000000",
    "tradeId": "5553316235589633",
    "type": "match",
    "time_data_received": "11:00:01.3934"
  },
  {
    "makerOrderId": "673f090ef4f120000794b861",
    "price": "0.16",
    "sequence": "5553316235720705",
    "side": "buy",
    "size": "10",
    "symbol": "ASI-USDT",
    "takerOrderId": "673f12b14fe74600070afe51",
    "time": "1732186801354000000",
    "tradeId": "5553316235720705",
    "type": "match",
    "time_data_received": "11:00:01.3944"
  },
  {
    "makerOrderId": "673f090ef4f120000794b861",
    "price": "0.16",
    "sequence": "5553316237162497",
    "side": "buy",
    "size": "10",
    "symbol": "ASI-USDT",
    "takerOrderId": "673f12b1c65bf7000743a467",
    "time": "1732186801360000000",
    "tradeId": "5553316237162497",
    "type": "match",
    "time_data_received": "11:00:01.3993"
  },
  {
    "makerOrderId": "673f090ef4f120000794b861",
    "price": "0.16",
    "sequence": "5553316253808641",
    "side": "buy",
    "size": "10",
    "symbol": "ASI-USDT",
    "takerOrderId": "673f12b14fe74600070afecc",
    "time": "1732186801417000000",
    "tradeId": "5553316253808641",
    "type": "match",
    "time_data_received": "11:00:01.4573"
  },
  {
    "makerOrderId": "673f090ef4f120000794b861",
    "price": "0.16",
    "sequence": "5553316261410817",
    "side": "buy",
    "size": "10",
    "symbol": "ASI-USDT",
    "takerOrderId": "673f12b11586c10007aec58e",
    "time": "1732186801453000000",
    "tradeId": "5553316261410817",
    "type": "match",
    "time_data_received": "11:00:01.4935"
  },
  {
    "makerOrderId": "673f090ef4f120000794b861",
    "price": "0.16",
    "sequence": "5553316268357633",
    "side": "buy",
    "size": "10",
    "symbol": "ASI-USDT",
    "takerOrderId": "673f12b1f4a7c50007aa9392",
    "time": "1732186801481000000",
    "tradeId": "5553316268357633",
    "type": "match",
    "time_data_received": "11:00:01.5211"
  },
  {
    "makerOrderId": "673f090ef4f120000794b861",
    "price": "0.16",
    "sequence": "5553316281989121",
    "side": "buy",
    "size": "10",
    "symbol": "ASI-USDT",
    "takerOrderId": "673f12b1ae93cc0007d87d94",
    "time": "1732186801531000000",
    "tradeId": "5553316281989121",
    "type": "match",
    "time_data_received": "11:00:01.5706"
  },
  {
    "makerOrderId": "673f090ef4f120000794b861",
    "price": "0.16",
    "sequence": "5553316287363073",
    "side": "buy",
    "size": "10",
    "symbol": "ASI-USDT",
    "takerOrderId": "673f12b168486d000799b2dc",
    "time": "1732186801552000000",
    "tradeId": "5553316287363073",
    "type": "match",
    "time_data_received": "11:00:01.5933"
  },
  {
    "makerOrderId": "673f090ef4f120000794b861",
    "price": "0.16",
    "sequence": "5553316287887361",
    "side": "buy",
    "size": "86.5",
    "symbol": "ASI-USDT",
    "takerOrderId": "673f12b167cdc900075bfa5b",
    "time": "1732186801554000000",
    "tradeId": "5553316287887361",
    "type": "match",
    "time_data_received": "11:00:01.5937"
  },
  {
    "makerOrderId": "673f090ef4f120000794b861",
    "price": "0.16",
    "sequence": "5553316292474881",
    "side": "buy",
    "size": "10",
    "symbol": "ASI-USDT",
    "takerOrderId": "673f12b167cdc900075bfa85",
    "time": "1732186801575000000",
    "tradeId": "5553316292474881",
    "type": "match",
    "time_data_received": "11:00:01.6141"
  },
  {
    "makerOrderId": "673f090ef4f120000794b861",
    "price": "0.16",
    "sequence": "5553316292605953",
    "side": "buy",
    "size": "10",
    "symbol": "ASI-USDT",
    "takerOrderId": "673f12b1b7e21a0007746ec2",
    "time": "1732186801575000000",
    "tradeId": "5553316292605953",
    "type": "match",
    "time_data_received": "11:00:01.6145"
  },
  {
    "makerOrderId": "673f090ef4f120000794b861",
    "price": "0.16",
    "sequence": "5553316297848833",
    "side": "buy",
    "size": "10",
    "symbol": "ASI-USDT",
    "takerOrderId": "673f12b1f4a7c50007aa9432",
    "time": "1732186801594000000",
    "tradeId": "5553316297848833",
    "type": "match",
    "time_data_received": "11:00:01.6338"
  },
  {
    "makerOrderId": "673f090ef4f120000794b861",
    "price": "0.16",
    "sequence": "5553316300601345",
    "side": "buy",
    "size": "10",
    "symbol": "ASI-USDT",
    "takerOrderId": "673f12b1c65bf7000743a5d7",
    "time": "1732186801604000000",
    "tradeId": "5553316300601345",
    "type": "match",
    "time_data_received": "11:00:01.6404"
  },
  {
    "makerOrderId": "673f090ef4f120000794b861",
    "price": "0.16",
    "sequence": "5553316303222785",
    "side": "buy",
    "size": "10",
    "symbol": "ASI-USDT",
    "takerOrderId": "673f12b1ae93cc0007d87e0c",
    "time": "1732186801616000000",
    "tradeId": "5553316303222785",
    "type": "match",
    "time_data_received": "11:00:01.6556"
  },
  {
    "makerOrderId": "673f090ef4f120000794b861",
    "price": "0.16",
    "sequence": "5553316310562817",
    "side": "buy",
    "size": "10",
    "symbol": "ASI-USDT",
    "takerOrderId": "673f12b1f4f1200007c8ef40",
    "time": "1732186801647000000",
    "tradeId": "5553316310562817",
    "type": "match",
    "time_data_received": "11:00:01.6898"
  },
  {
    "makerOrderId": "673f090ef4f120000794b861",
    "price": "0.16",
    "sequence": "5553316312922113",
    "side": "buy",
    "size": "61.8",
    "symbol": "ASI-USDT",
    "takerOrderId": "673f12b1c5ba740007983167",
    "time": "1732186801664000000",
    "tradeId": "5553316312922113",
    "type": "match",
    "time_data_received": "11:00:01.7044"
  },
  {
    "makerOrderId": "673f090ef4f120000794b861",
    "price": "0.16",
    "sequence": "5553316314888193",
    "side": "buy",
    "size": "10",
    "symbol": "ASI-USDT",
    "takerOrderId": "673f12b1c5ba74000798316b",
    "time": "1732186801674000000",
    "tradeId": "5553316314888193",
    "type": "match",
    "time_data_received": "11:00:01.7143"
  },
  {
    "makerOrderId": "673f090ef4f120000794b861",
    "price": "0.16",
    "sequence": "5553316315150337",
    "side": "buy",
    "size": "10",
    "symbol": "ASI-USDT",
    "takerOrderId": "673f12b16967d3000713de8d",
    "time": "1732186801676000000",
    "tradeId": "5553316315150337",
    "type": "match",
    "time_data_received": "11:00:01.7147"
  },
  {
    "makerOrderId": "673f090ef4f120000794b861",
    "price": "0.16",
    "sequence": "5553316316329985",
    "side": "buy",
    "size": "10",
    "symbol": "ASI-USDT",
    "takerOrderId": "673f12b10d855300072f0261",
    "time": "1732186801682000000",
    "tradeId": "5553316316329985",
    "type": "match",
    "time_data_received": "11:00:01.7226"
  },
  {
    "makerOrderId": "673f090ef4f120000794b861",
    "price": "0.16",
    "sequence": "5553316318820353",
    "side": "buy",
    "size": "10",
    "symbol": "ASI-USDT",
    "takerOrderId": "673f12b1088f010007b87fc1",
    "time": "1732186801690000000",
    "tradeId": "5553316318820353",
    "type": "match",
    "time_data_received": "11:00:01.7288"
  },
  {
    "makerOrderId": "673f090ef4f120000794b861",
    "price": "0.16",
    "sequence": "5553316332976129",
    "side": "buy",
    "size": "10",
    "symbol": "ASI-USDT",
    "takerOrderId": "673f12b16967d3000713dee3",
    "time": "1732186801738000000",
    "tradeId": "5553316332976129",
    "type": "match",
    "time_data_received": "11:00:01.7790"
  },
  {
    "makerOrderId": "673f090ef4f120000794b861",
    "price": "0.16",
    "sequence": "5553316335859713",
    "side": "buy",
    "size": "10",
    "symbol": "ASI-USDT",
    "takerOrderId": "673f12b1f1bf400007a4b0f9",
    "time": "1732186801751000000",
    "tradeId": "5553316335859713",
    "type": "match",
    "time_data_received": "11:00:01.7928"
  },
  {
    "makerOrderId": "673f090ef4f120000794b861",
    "price": "0.16",
    "sequence": "5553316342675457",
    "side": "buy",
    "size": "10",
    "symbol": "ASI-USDT",
    "takerOrderId": "673f12b1088f010007b88026",
    "time": "1732186801776000000",
    "tradeId": "5553316342675457",
    "type": "match",
    "time_data_received": "11:00:01.8134"
  },
  {
    "makerOrderId": "673f090ef4f120000794b861",
    "price": "0.16",
    "sequence": "5553316352768001",
    "side": "buy",
    "size": "10",
    "symbol": "ASI-USDT",
    "takerOrderId": "673f12b1f4a7c50007aa954a",
    "time": "1732186801816000000",
    "tradeId": "5553316352768001",
    "type": "match",
    "time_data_received": "11:00:01.8528"
  },
  {
    "makerOrderId": "673f12b1cf286a00074f33b8",
    "price": "0.15003",
    "sequence": "5553316353161217",
    "side": "sell",
    "size": "146.1",
    "symbol": "ASI-USDT",
    "takerOrderId": "673f12b1c5ba740007983211",
    "time": "1732186801817000000",
    "tradeId": "5553316353161217",
    "type": "match",
    "time_data_received": "11:00:01.8532"
  },
  {
    "makerOrderId": "673f12b031d09500073b7b03",
    "price": "0.15001",
    "sequence": "5553316353161220",
    "side": "sell",
    "size": "401.8",
    "symbol": "ASI-USDT",
    "takerOrderId": "673f12b1c5ba740007983211",
    "time": "1732186801817000000",
    "tradeId": "5553316353161220",
    "type": "match",
    "time_data_received": "11:00:01.8534"
  },
  {
    "makerOrderId": "673f090ef4f120000794b861",
    "price": "0.16",
    "sequence": "5553316354603009",
    "side": "buy",
    "size": "10",
    "symbol": "ASI-USDT",
    "takerOrderId": "673f12b1f4f1200007c8f007",
    "time": "1732186801821000000",
    "tradeId": "5553316354603009",
    "type": "match",
    "time_data_received": "11:00:01.8659"
  },
  {
    "makerOrderId": "673f090ef4f120000794b861",
    "price": "0.16",
    "sequence": "5553316364826625",
    "side": "buy",
    "size": "10",
    "symbol": "ASI-USDT",
    "takerOrderId": "673f12b137061e0007543ef2",
    "time": "1732186801858000000",
    "tradeId": "5553316364826625",
    "type": "match",
    "time_data_received": "11:00:01.8917"
  },
  {
    "makerOrderId": "673f090ef4f120000794b861",
    "price": "0.16",
    "sequence": "5553316365088769",
    "side": "buy",
    "size": "10",
    "symbol": "ASI-USDT",
    "takerOrderId": "673f12b1f15b270007b0fef9",
    "time": "1732186801858000000",
    "tradeId": "5553316365088769",
    "type": "match",
    "time_data_received": "11:00:01.8976"
  },
  {
    "makerOrderId": "673f090ef4f120000794b861",
    "price": "0.16",
    "sequence": "5553316367185921",
    "side": "buy",
    "size": "10",
    "symbol": "ASI-USDT",
    "takerOrderId": "673f12b1c5ba740007983263",
    "time": "1732186801866000000",
    "tradeId": "5553316367185921",
    "type": "match",
    "time_data_received": "11:00:01.9056"
  },
  {
    "makerOrderId": "673f090ef4f120000794b861",
    "price": "0.16",
    "sequence": "5553316392876033",
    "side": "buy",
    "size": "10",
    "symbol": "ASI-USDT",
    "takerOrderId": "673f12b16967d3000713dfb5",
    "time": "1732186801899000000",
    "tradeId": "5553316392876033",
    "type": "match",
    "time_data_received": "11:00:01.9365"
  },
  {
    "makerOrderId": "673f090ef4f120000794b861",
    "price": "0.16",
    "sequence": "5553316394186753",
    "side": "buy",
    "size": "10",
    "symbol": "ASI-USDT",
    "takerOrderId": "673f12b1c5ba7400079832ad",
    "time": "1732186801908000000",
    "tradeId": "5553316394186753",
    "type": "match",
    "time_data_received": "11:00:01.9513"
  },
  {
    "makerOrderId": "673f090ef4f120000794b861",
    "price": "0.16",
    "sequence": "5553316395890689",
    "side": "buy",
    "size": "10",
    "symbol": "ASI-USDT",
    "takerOrderId": "673f12b1f15b270007b0ff5c",
    "time": "1732186801920000000",
    "tradeId": "5553316395890689",
    "type": "match",
    "time_data_received": "11:00:02.0668"
  },
  {
    "makerOrderId": "673f090ef4f120000794b861",
    "price": "0.16",
    "sequence": "5553316396546049",
    "side": "buy",
    "size": "10",
    "symbol": "ASI-USDT",
    "takerOrderId": "673f12b168486d000799b4b1",
    "time": "1732186801921000000",
    "tradeId": "5553316396546049",
    "type": "match",
    "time_data_received": "11:00:02.0675"
  },
  {
    "makerOrderId": "673f090ef4f120000794b861",
    "price": "0.16",
    "sequence": "5553316398512129",
    "side": "buy",
    "size": "60",
    "symbol": "ASI-USDT",
    "takerOrderId": "673f12b1df6f6e0007847793",
    "time": "1732186801930000000",
    "tradeId": "5553316398512129",
    "type": "match",
    "time_data_received": "11:00:02.0678"
  },
  {
    "makerOrderId": "673f090ef4f120000794b861",
    "price": "0.16",
    "sequence": "5553316402182145",
    "side": "buy",
    "size": "10",
    "symbol": "ASI-USDT",
    "takerOrderId": "673f12b1f15b270007b0ff70",
    "time": "1732186801939000000",
    "tradeId": "5553316402182145",
    "type": "match",
    "time_data_received": "11:00:02.0680"
  },
  {
    "makerOrderId": "673f090ef4f120000794b861",
    "price": "0.16",
    "sequence": "5553316404672513",
    "side": "buy",
    "size": "10",
    "symbol": "ASI-USDT",
    "takerOrderId": "673f12b10d855300072f03b8",
    "time": "1732186801950000000",
    "tradeId": "5553316404672513",
    "type": "match",
    "time_data_received": "11:00:02.0683"
  },
  {
    "makerOrderId": "673f090ef4f120000794b861",
    "price": "0.16",
    "sequence": "5553316405983233",
    "side": "buy",
    "size": "10",
    "symbol": "ASI-USDT",
    "takerOrderId": "673f12b1f15b270007b0ff96",
    "time": "1732186801963000000",
    "tradeId": "5553316405983233",
    "type": "match",
    "time_data_received": "11:00:02.0689"
  },
  {
    "makerOrderId": "673f090ef4f120000794b861",
    "price": "0.16",
    "sequence": "5553316409653249",
    "side": "buy",
    "size": "10",
    "symbol": "ASI-USDT",
    "takerOrderId": "673f12b1d52cb800070db21b",
    "time": "1732186801974000000",
    "tradeId": "5553316409653249",
    "type": "match",
    "time_data_received": "11:00:02.0692"
  },
  {
    "makerOrderId": "673f090ef4f120000794b861",
    "price": "0.16",
    "sequence": "5553316409915393",
    "side": "buy",
    "size": "10",
    "symbol": "ASI-USDT",
    "takerOrderId": "673f12b1d52cb800070db223",
    "time": "1732186801978000000",
    "tradeId": "5553316409915393",
    "type": "match",
    "time_data_received": "11:00:02.0694"
  },
  {
    "makerOrderId": "673f090ef4f120000794b861",
    "price": "0.16",
    "sequence": "5553316431017985",
    "side": "buy",
    "size": "10",
    "symbol": "ASI-USDT",
    "takerOrderId": "673f12b21586c10007aec88c",
    "time": "1732186802053000000",
    "tradeId": "5553316431017985",
    "type": "match",
    "time_data_received": "11:00:02.1150"
  },
  {
    "makerOrderId": "673f090ef4f120000794b861",
    "price": "0.16",
    "sequence": "5553316436129793",
    "side": "buy",
    "size": "10",
    "symbol": "ASI-USDT",
    "takerOrderId": "673f12b2b7e21a0007747109",
    "time": "1732186802075000000",
    "tradeId": "5553316436129793",
    "type": "match",
    "time_data_received": "11:00:02.1203"
  },
  {
    "makerOrderId": "673f090ef4f120000794b861",
    "price": "0.16",
    "sequence": "5553316450416641",
    "side": "buy",
    "size": "59.7",
    "symbol": "ASI-USDT",
    "takerOrderId": "673f12b2c65bf7000743a830",
    "time": "1732186802110000000",
    "tradeId": "5553316450416641",
    "type": "match",
    "time_data_received": "11:00:02.1503"
  },
  {
    "makerOrderId": "673f090ef4f120000794b861",
    "price": "0.16",
    "sequence": "5553316453169153",
    "side": "buy",
    "size": "10",
    "symbol": "ASI-USDT",
    "takerOrderId": "673f12b2c65bf7000743a83c",
    "time": "1732186802120000000",
    "tradeId": "5553316453169153",
    "type": "match",
    "time_data_received": "11:00:02.1617"
  },
  {
    "makerOrderId": "673f090ef4f120000794b861",
    "price": "0.16",
    "sequence": "5553316456052737",
    "side": "buy",
    "size": "10",
    "symbol": "ASI-USDT",
    "takerOrderId": "673f12b2f4f1200007c8f18d",
    "time": "1732186802132000000",
    "tradeId": "5553316456052737",
    "type": "match",
    "time_data_received": "11:00:02.1709"
  },
  {
    "makerOrderId": "673f090ef4f120000794b861",
    "price": "0.16",
    "sequence": "5553316456314881",
    "side": "buy",
    "size": "10",
    "symbol": "ASI-USDT",
    "takerOrderId": "673f12b268486d000799b5a4",
    "time": "1732186802134000000",
    "tradeId": "5553316456314881",
    "type": "match",
    "time_data_received": "11:00:02.1717"
  },
  {
    "makerOrderId": "673f090ef4f120000794b861",
    "price": "0.16",
    "sequence": "5553316457625601",
    "side": "buy",
    "size": "10",
    "symbol": "ASI-USDT",
    "takerOrderId": "673f12b21586c10007aec8f0",
    "time": "1732186802138000000",
    "tradeId": "5553316457625601",
    "type": "match",
    "time_data_received": "11:00:02.1795"
  },
  {
    "makerOrderId": "673f090ef4f120000794b861",
    "price": "0.16",
    "sequence": "5553316460115969",
    "side": "buy",
    "size": "10",
    "symbol": "ASI-USDT",
    "takerOrderId": "673f12b2f1bf400007a4b2f3",
    "time": "1732186802147000000",
    "tradeId": "5553316460115969",
    "type": "match",
    "time_data_received": "11:00:02.1995"
  },
  {
    "makerOrderId": "673f090ef4f120000794b861",
    "price": "0.16",
    "sequence": "5553316460640257",
    "side": "buy",
    "size": "10",
    "symbol": "ASI-USDT",
    "takerOrderId": "673f12b2088f010007b881e6",
    "time": "1732186802150000000",
    "tradeId": "5553316460640257",
    "type": "match",
    "time_data_received": "11:00:02.1999"
  },
  {
    "makerOrderId": "673f090ef4f120000794b861",
    "price": "0.16",
    "sequence": "5553316462213121",
    "side": "buy",
    "size": "10",
    "symbol": "ASI-USDT",
    "takerOrderId": "673f12b20d855300072f04ba",
    "time": "1732186802158000000",
    "tradeId": "5553316462213121",
    "type": "match",
    "time_data_received": "11:00:02.2091"
  },
  {
    "makerOrderId": "673f090ef4f120000794b861",
    "price": "0.16",
    "sequence": "5553316462606337",
    "side": "buy",
    "size": "10",
    "symbol": "ASI-USDT",
    "takerOrderId": "673f12b2df6f6e00078478ad",
    "time": "1732186802159000000",
    "tradeId": "5553316462606337",
    "type": "match",
    "time_data_received": "11:00:02.2094"
  },
  {
    "makerOrderId": "673f090ef4f120000794b861",
    "price": "0.16",
    "sequence": "5553316469946369",
    "side": "buy",
    "size": "10",
    "symbol": "ASI-USDT",
    "takerOrderId": "673f12b231d09500073b82dc",
    "time": "1732186802173000000",
    "tradeId": "5553316469946369",
    "type": "match",
    "time_data_received": "11:00:02.2214"
  },
  {
    "makerOrderId": "673f090ef4f120000794b861",
    "price": "0.16",
    "sequence": "5553316473616385",
    "side": "buy",
    "size": "10",
    "symbol": "ASI-USDT",
    "takerOrderId": "673f12b2f15b270007b100ab",
    "time": "1732186802186000000",
    "tradeId": "5553316473616385",
    "type": "match",
    "time_data_received": "11:00:02.2288"
  },
  {
    "makerOrderId": "673f090ef4f120000794b861",
    "price": "0.16",
    "sequence": "5553316477548545",
    "side": "buy",
    "size": "10",
    "symbol": "ASI-USDT",
    "takerOrderId": "673f12b20d855300072f04f3",
    "time": "1732186802198000000",
    "tradeId": "5553316477548545",
    "type": "match",
    "time_data_received": "11:00:02.2332"
  },
  {
    "makerOrderId": "673f090ef4f120000794b861",
    "price": "0.16",
    "sequence": "5553316488427521",
    "side": "buy",
    "size": "10",
    "symbol": "ASI-USDT",
    "takerOrderId": "673f12b20d855300072f052a",
    "time": "1732186802242000000",
    "tradeId": "5553316488427521",
    "type": "match",
    "time_data_received": "11:00:02.2763"
  },
  {
    "makerOrderId": "673f090ef4f120000794b861",
    "price": "0.16",
    "sequence": "5553316489869313",
    "side": "buy",
    "size": "10",
    "symbol": "ASI-USDT",
    "takerOrderId": "673f12b21586c10007aec97b",
    "time": "1732186802248000000",
    "tradeId": "5553316489869313",
    "type": "match",
    "time_data_received": "11:00:02.2825"
  },
  {
    "makerOrderId": "673f090ef4f120000794b861",
    "price": "0.16",
    "sequence": "5553316493801473",
    "side": "buy",
    "size": "10",
    "symbol": "ASI-USDT",
    "takerOrderId": "673f12b2f15b270007b1011b",
    "time": "1732186802263000000",
    "tradeId": "5553316493801473",
    "type": "match",
    "time_data_received": "11:00:02.3095"
  },
  {
    "makerOrderId": "673f090ef4f120000794b861",
    "price": "0.16",
    "sequence": "5553316499306497",
    "side": "buy",
    "size": "10",
    "symbol": "ASI-USDT",
    "takerOrderId": "673f12b2f4a7c50007aa9779",
    "time": "1732186802283000000",
    "tradeId": "5553316499306497",
    "type": "match",
    "time_data_received": "11:00:02.3328"
  },
  {
    "makerOrderId": "673f090ef4f120000794b861",
    "price": "0.16",
    "sequence": "5553316501796865",
    "side": "buy",
    "size": "10",
    "symbol": "ASI-USDT",
    "takerOrderId": "673f12b2c65bf7000743a936",
    "time": "1732186802292000000",
    "tradeId": "5553316501796865",
    "type": "match",
    "time_data_received": "11:00:02.3334"
  },
  {
    "makerOrderId": "673f090ef4f120000794b861",
    "price": "0.16",
    "sequence": "5553316502452225",
    "side": "buy",
    "size": "10",
    "symbol": "ASI-USDT",
    "takerOrderId": "673f12b268486d000799b683",
    "time": "1732186802297000000",
    "tradeId": "5553316502452225",
    "type": "match",
    "time_data_received": "11:00:02.3387"
  },
  {
    "makerOrderId": "673f090ef4f120000794b861",
    "price": "0.16",
    "sequence": "5553316507432961",
    "side": "buy",
    "size": "10",
    "symbol": "ASI-USDT",
    "takerOrderId": "673f12b26967d3000713e1dd",
    "time": "1732186802323000000",
    "tradeId": "5553316507432961",
    "type": "match",
    "time_data_received": "11:00:02.3613"
  },
  {
    "makerOrderId": "673f090ef4f120000794b861",
    "price": "0.16",
    "sequence": "5553316512675841",
    "side": "buy",
    "size": "10",
    "symbol": "ASI-USDT",
    "takerOrderId": "673f12b2d52cb800070db3e8",
    "time": "1732186802347000000",
    "tradeId": "5553316512675841",
    "type": "match",
    "time_data_received": "11:00:02.3879"
  },
  {
    "makerOrderId": "673f090ef4f120000794b861",
    "price": "0.16",
    "sequence": "5553316513986561",
    "side": "buy",
    "size": "10",
    "symbol": "ASI-USDT",
    "takerOrderId": "673f12b2d52cb800070db3ed",
    "time": "1732186802351000000",
    "tradeId": "5553316513986561",
    "type": "match",
    "time_data_received": "11:00:02.3882"
  },
  {
    "makerOrderId": "673f090ef4f120000794b861",
    "price": "0.16",
    "sequence": "5553316515297281",
    "side": "buy",
    "size": "10",
    "symbol": "ASI-USDT",
    "takerOrderId": "673f12b26967d3000713e1fc",
    "time": "1732186802356000000",
    "tradeId": "5553316515297281",
    "type": "match",
    "time_data_received": "11:00:02.3971"
  },
  {
    "makerOrderId": "673f090ef4f120000794b861",
    "price": "0.16",
    "sequence": "5553316520802305",
    "side": "buy",
    "size": "10",
    "symbol": "ASI-USDT",
    "takerOrderId": "673f12b2cf286a00074f38d9",
    "time": "1732186802373000000",
    "tradeId": "5553316520802305",
    "type": "match",
    "time_data_received": "11:00:02.4127"
  },
  {
    "makerOrderId": "673f090ef4f120000794b861",
    "price": "0.16",
    "sequence": "5553316523161601",
    "side": "buy",
    "size": "10",
    "symbol": "ASI-USDT",
    "takerOrderId": "673f12b2d52cb800070db409",
    "time": "1732186802378000000",
    "tradeId": "5553316523161601",
    "type": "match",
    "time_data_received": "11:00:02.4128"
  },
  {
    "makerOrderId": "673f090ef4f120000794b861",
    "price": "0.16",
    "sequence": "5553316525389825",
    "side": "buy",
    "size": "10",
    "symbol": "ASI-USDT",
    "takerOrderId": "673f12b20d855300072f05e0",
    "time": "1732186802384000000",
    "tradeId": "5553316525389825",
    "type": "match",
    "time_data_received": "11:00:02.4236"
  },
  {
    "makerOrderId": "673f12b031d09500073b7b03",
    "price": "0.15001",
    "sequence": "5553316533385217",
    "side": "sell",
    "size": "26.9",
    "symbol": "ASI-USDT",
    "takerOrderId": "673f12b2c5ba74000798350d",
    "time": "1732186802405000000",
    "tradeId": "5553316533385217",
    "type": "match",
    "time_data_received": "11:00:02.4492"
  },
  {
    "makerOrderId": "673f090ef4f120000794b861",
    "price": "0.16",
    "sequence": "5553316542167041",
    "side": "buy",
    "size": "10",
    "symbol": "ASI-USDT",
    "takerOrderId": "673f12b2d52cb800070db458",
    "time": "1732186802441000000",
    "tradeId": "5553316542167041",
    "type": "match",
    "time_data_received": "11:00:02.4850"
  },
  {
    "makerOrderId": "673f090ef4f120000794b861",
    "price": "0.16",
    "sequence": "5553316558157825",
    "side": "buy",
    "size": "10",
    "symbol": "ASI-USDT",
    "takerOrderId": "673f12b267cdc900075bfedb",
    "time": "1732186802501000000",
    "tradeId": "5553316558157825",
    "type": "match",
    "time_data_received": "11:00:02.5552"
  },
  {
    "makerOrderId": "673f090ef4f120000794b861",
    "price": "0.16",
    "sequence": "5553316559861761",
    "side": "buy",
    "size": "10",
    "symbol": "ASI-USDT",
    "takerOrderId": "673f12b24fe74600070b043c",
    "time": "1732186802510000000",
    "tradeId": "5553316559861761",
    "type": "match",
    "time_data_received": "11:00:02.5554"
  },
  {
    "makerOrderId": "673f090ef4f120000794b861",
    "price": "0.16",
    "sequence": "5553316572182529",
    "side": "buy",
    "size": "10",
    "symbol": "ASI-USDT",
    "takerOrderId": "673f12b26967d3000713e2eb",
    "time": "1732186802554000000",
    "tradeId": "5553316572182529",
    "type": "match",
    "time_data_received": "11:00:02.6026"
  },
  {
    "makerOrderId": "673f090ef4f120000794b861",
    "price": "0.16",
    "sequence": "5553316573886465",
    "side": "buy",
    "size": "10",
    "symbol": "ASI-USDT",
    "takerOrderId": "673f12b2c5ba7400079835eb",
    "time": "1732186802560000000",
    "tradeId": "5553316573886465",
    "type": "match",
    "time_data_received": "11:00:02.6033"
  },
  {
    "makerOrderId": "673f090ef4f120000794b861",
    "price": "0.16",
    "sequence": "5553316574541825",
    "side": "buy",
    "size": "10",
    "symbol": "ASI-USDT",
    "takerOrderId": "673f12b24fe74600070b0489",
    "time": "1732186802563000000",
    "tradeId": "5553316574541825",
    "type": "match",
    "time_data_received": "11:00:02.6037"
  },
  {
    "makerOrderId": "673f090ef4f120000794b861",
    "price": "0.16",
    "sequence": "5553316601673729",
    "side": "buy",
    "size": "10",
    "symbol": "ASI-USDT",
    "takerOrderId": "673f12b26967d3000713e394",
    "time": "1732186802639000000",
    "tradeId": "5553316601673729",
    "type": "match",
    "time_data_received": "11:00:02.6969"
  },
  {
    "makerOrderId": "673f090ef4f120000794b861",
    "price": "0.16",
    "sequence": "5553316603901953",
    "side": "buy",
    "size": "10",
    "symbol": "ASI-USDT",
    "takerOrderId": "673f12b2f4a7c50007aa996b",
    "time": "1732186802647000000",
    "tradeId": "5553316603901953",
    "type": "match",
    "time_data_received": "11:00:02.6973"
  },
  {
    "makerOrderId": "673f090ef4f120000794b861",
    "price": "0.16",
    "sequence": "5553316617140225",
    "side": "buy",
    "size": "1071.5",
    "symbol": "ASI-USDT",
    "takerOrderId": "673f12b231d09500073b857d",
    "time": "1732186802690000000",
    "tradeId": "5553316617140225",
    "type": "match",
    "time_data_received": "11:00:02.7309"
  },
  {
    "makerOrderId": "673f090e67cdc9000727d7a4",
    "price": "0.16462",
    "sequence": "5553316621727745",
    "side": "buy",
    "size": "10",
    "symbol": "ASI-USDT",
    "takerOrderId": "673f12b2c65bf7000743ab77",
    "time": "1732186802705000000",
    "tradeId": "5553316621727745",
    "type": "match",
    "time_data_received": "11:00:02.7435"
  },
  {
    "makerOrderId": "673f090e67cdc9000727d7a4",
    "price": "0.16462",
    "sequence": "5553316627888129",
    "side": "buy",
    "size": "10",
    "symbol": "ASI-USDT",
    "takerOrderId": "673f12b231d09500073b85d3",
    "time": "1732186802728000000",
    "tradeId": "5553316627888129",
    "type": "match",
    "time_data_received": "11:00:02.7643"
  },
  {
    "makerOrderId": "673f090e67cdc9000727d7a4",
    "price": "0.16462",
    "sequence": "5553316629592065",
    "side": "buy",
    "size": "10",
    "symbol": "ASI-USDT",
    "takerOrderId": "673f12b2c5ba74000798371b",
    "time": "1732186802734000000",
    "tradeId": "5553316629592065",
    "type": "match",
    "time_data_received": "11:00:02.7773"
  },
  {
    "makerOrderId": "673f12b231d09500073b857d",
    "price": "0.16",
    "sequence": "5553316636276737",
    "side": "sell",
    "size": "645.4",
    "symbol": "ASI-USDT",
    "takerOrderId": "673f12b2b7e21a000774752c",
    "time": "1732186802758000000",
    "tradeId": "5553316636276737",
    "type": "match",
    "time_data_received": "11:00:02.7994"
  },
  {
    "makerOrderId": "673f090e67cdc9000727d7a4",
    "price": "0.16462",
    "sequence": "5553316639946753",
    "side": "buy",
    "size": "10",
    "symbol": "ASI-USDT",
    "takerOrderId": "673f12b2f4a7c50007aa9a09",
    "time": "1732186802773000000",
    "tradeId": "5553316639946753",
    "type": "match",
    "time_data_received": "11:00:02.8130"
  },
  {
    "makerOrderId": "673f090e67cdc9000727d7a4",
    "price": "0.16462",
    "sequence": "5553316645451777",
    "side": "buy",
    "size": "10",
    "symbol": "ASI-USDT",
    "takerOrderId": "673f12b2088f010007b88548",
    "time": "1732186802792000000",
    "tradeId": "5553316645451777",
    "type": "match",
    "time_data_received": "11:00:02.8448"
  },
  {
    "makerOrderId": "673f090e67cdc9000727d7a4",
    "price": "0.16462",
    "sequence": "5553316646631425",
    "side": "buy",
    "size": "10",
    "symbol": "ASI-USDT",
    "takerOrderId": "673f12b2c65bf7000743abe8",
    "time": "1732186802795000000",
    "tradeId": "5553316646631425",
    "type": "match",
    "time_data_received": "11:00:02.8451"
  },
  {
    "makerOrderId": "673f090e67cdc9000727d7a4",
    "price": "0.16462",
    "sequence": "5553316653053953",
    "side": "buy",
    "size": "10",
    "symbol": "ASI-USDT",
    "takerOrderId": "673f12b2ae93cc0007d88486",
    "time": "1732186802817000000",
    "tradeId": "5553316653053953",
    "type": "match",
    "time_data_received": "11:00:02.8643"
  },
  {
    "makerOrderId": "673f090e67cdc9000727d7a4",
    "price": "0.16462",
    "sequence": "5553316653447169",
    "side": "buy",
    "size": "10",
    "symbol": "ASI-USDT",
    "takerOrderId": "673f12b2c65bf7000743ac00",
    "time": "1732186802818000000",
    "tradeId": "5553316653447169",
    "type": "match",
    "time_data_received": "11:00:02.8646"
  },
  {
    "makerOrderId": "673f090e67cdc9000727d7a4",
    "price": "0.16462",
    "sequence": "5553316663408641",
    "side": "buy",
    "size": "10",
    "symbol": "ASI-USDT",
    "takerOrderId": "673f12b267cdc900075c00f1",
    "time": "1732186802860000000",
    "tradeId": "5553316663408641",
    "type": "match",
    "time_data_received": "11:00:02.9029"
  },
  {
    "makerOrderId": "673f090e67cdc9000727d7a4",
    "price": "0.16462",
    "sequence": "5553316664064001",
    "side": "buy",
    "size": "10",
    "symbol": "ASI-USDT",
    "takerOrderId": "673f12b26967d3000713e4bc",
    "time": "1732186802866000000",
    "tradeId": "5553316664064001",
    "type": "match",
    "time_data_received": "11:00:02.9058"
  },
  {
    "makerOrderId": "673f090e67cdc9000727d7a4",
    "price": "0.16462",
    "sequence": "5553316698142721",
    "side": "buy",
    "size": "10",
    "symbol": "ASI-USDT",
    "takerOrderId": "673f12b20d855300072f08bf",
    "time": "1732186802914000000",
    "tradeId": "5553316698142721",
    "type": "match",
    "time_data_received": "11:00:02.9505"
  },
  {
    "makerOrderId": "673f090e67cdc9000727d7a4",
    "price": "0.16462",
    "sequence": "5553316701943809",
    "side": "buy",
    "size": "606.3",
    "symbol": "ASI-USDT",
    "takerOrderId": "673f12b2b7e21a000774762b",
    "time": "1732186802936000000",
    "tradeId": "5553316701943809",
    "type": "match",
    "time_data_received": "11:00:02.9787"
  },
  {
    "makerOrderId": "673f090e67cdc9000727d7a4",
    "price": "0.16462",
    "sequence": "5553316705875969",
    "side": "buy",
    "size": "10",
    "symbol": "ASI-USDT",
    "takerOrderId": "673f12b20d855300072f08f7",
    "time": "1732186802956000000",
    "tradeId": "5553316705875969",
    "type": "match",
    "time_data_received": "11:00:02.9964"
  },
  {
    "makerOrderId": "673f12b2df6f6e0007847bfc",
    "price": "0.16001",
    "sequence": "5553316711905281",
    "side": "sell",
    "size": "283.6",
    "symbol": "ASI-USDT",
    "takerOrderId": "673f12b2088f010007b8860e",
    "time": "1732186802976000000",
    "tradeId": "5553316711905281",
    "type": "match",
    "time_data_received": "11:00:03.0127"
  },
  {
    "makerOrderId": "673f12b231d09500073b857d",
    "price": "0.16",
    "sequence": "5553316711905284",
    "side": "sell",
    "size": "284.8",
    "symbol": "ASI-USDT",
    "takerOrderId": "673f12b2088f010007b8860e",
    "time": "1732186802976000000",
    "tradeId": "5553316711905284",
    "type": "match",
    "time_data_received": "11:00:03.0132"
  },
  {
    "makerOrderId": "673f12b231d09500073b857d",
    "price": "0.16",
    "sequence": "5553316715182081",
    "side": "sell",
    "size": "525.9",
    "symbol": "ASI-USDT",
    "takerOrderId": "673f12b237061e0007544489",
    "time": "1732186802994000000",
    "tradeId": "5553316715182081",
    "type": "match",
    "time_data_received": "11:00:03.0330"
  },
  {
    "makerOrderId": "673f090e67cdc9000727d7a4",
    "price": "0.16462",
    "sequence": "5553316743493633",
    "side": "buy",
    "size": "601.8",
    "symbol": "ASI-USDT",
    "takerOrderId": "673f12b368486d000799baa7",
    "time": "1732186803095000000",
    "tradeId": "5553316743493633",
    "type": "match",
    "time_data_received": "11:00:03.1364"
  },
  {
    "makerOrderId": "673f090e67cdc9000727d7a4",
    "price": "0.16462",
    "sequence": "5553316793300993",
    "side": "buy",
    "size": "601.8",
    "symbol": "ASI-USDT",
    "takerOrderId": "673f12b3c65bf7000743ae41",
    "time": "1732186803208000000",
    "tradeId": "5553316793300993",
    "type": "match",
    "time_data_received": "11:00:03.2575"
  },
  {
    "makerOrderId": "673f12b36967d3000713e625",
    "price": "0.16001",
    "sequence": "5553316833933313",
    "side": "sell",
    "size": "308.7",
    "symbol": "ASI-USDT",
    "takerOrderId": "673f12b3f4f1200007c8f7f8",
    "time": "1732186803304000000",
    "tradeId": "5553316833933313",
    "type": "match",
    "time_data_received": "11:00:03.3731"
  },
  {
    "makerOrderId": "673f12b36967d3000713e78e",
    "price": "0.16001",
    "sequence": "5553316833933316",
    "side": "sell",
    "size": "62.4",
    "symbol": "ASI-USDT",
    "takerOrderId": "673f12b3f4f1200007c8f7f8",
    "time": "1732186803304000000",
    "tradeId": "5553316833933316",
    "type": "match",
    "time_data_received": "11:00:03.3736"
  },
  {
    "makerOrderId": "673f12b231d09500073b857d",
    "price": "0.16",
    "sequence": "5553316833933319",
    "side": "sell",
    "size": "3430.4",
    "symbol": "ASI-USDT",
    "takerOrderId": "673f12b3f4f1200007c8f7f8",
    "time": "1732186803304000000",
    "tradeId": "5553316833933319",
    "type": "match",
    "time_data_received": "11:00:03.3738"
  },
  {
    "makerOrderId": "673f090e67cdc9000727d7a4",
    "price": "0.16462",
    "sequence": "5553316843894785",
    "side": "buy",
    "size": "145",
    "symbol": "ASI-USDT",
    "takerOrderId": "673f12b367cdc900075c03bf",
    "time": "1732186803335000000",
    "tradeId": "5553316843894785",
    "type": "match",
    "time_data_received": "11:00:03.4177"
  },
  {
    "makerOrderId": "673f090e67cdc9000727d7a4",
    "price": "0.16462",
    "sequence": "5553316844812289",
    "side": "buy",
    "size": "601.8",
    "symbol": "ASI-USDT",
    "takerOrderId": "673f12b3cf286a00074f3e85",
    "time": "1732186803336000000",
    "tradeId": "5553316844812289",
    "type": "match",
    "time_data_received": "11:00:03.4180"
  },
  {
    "makerOrderId": "673f12b36967d3000713e7b7",
    "price": "0.16001",
    "sequence": "5553316852545537",
    "side": "sell",
    "size": "212.5",
    "symbol": "ASI-USDT",
    "takerOrderId": "673f12b30d855300072f0b6b",
    "time": "1732186803360000000",
    "tradeId": "5553316852545537",
    "type": "match",
    "time_data_received": "11:00:03.4182"
  },
  {
    "makerOrderId": "673f12b231d09500073b857d",
    "price": "0.16",
    "sequence": "5553316852545540",
    "side": "sell",
    "size": "549.4",
    "symbol": "ASI-USDT",
    "takerOrderId": "673f12b30d855300072f0b6b",
    "time": "1732186803360000000",
    "tradeId": "5553316852545540",
    "type": "match",
    "time_data_received": "11:00:03.4183"
  },
  {
    "makerOrderId": "673f090e67cdc9000727d7a4",
    "price": "0.16462",
    "sequence": "5553316884920321",
    "side": "buy",
    "size": "537.6",
    "symbol": "ASI-USDT",
    "takerOrderId": "673f12b3f4f1200007c8f907",
    "time": "1732186803467000000",
    "tradeId": "5553316884920321",
    "type": "match",
    "time_data_received": "11:00:03.5502"
  },
  {
    "makerOrderId": "673f12b3b7e21a0007747914",
    "price": "0.16128",
    "sequence": "5553316888328193",
    "side": "sell",
    "size": "481.5",
    "symbol": "ASI-USDT",
    "takerOrderId": "673f12b3cf286a00074f3f3d",
    "time": "1732186803480000000",
    "tradeId": "5553316888328193",
    "type": "match",
    "time_data_received": "11:00:03.5509"
  },
  {
    "makerOrderId": "673f12b3b7e21a0007747914",
    "price": "0.16128",
    "sequence": "5553316903663617",
    "side": "sell",
    "size": "475.5",
    "symbol": "ASI-USDT",
    "takerOrderId": "673f12b337061e0007544794",
    "time": "1732186803510000000",
    "tradeId": "5553316903663617",
    "type": "match",
    "time_data_received": "11:00:03.5511"
  },
  {
    "makerOrderId": "673f12b3b7e21a0007747914",
    "price": "0.16128",
    "sequence": "5553316973393921",
    "side": "sell",
    "size": "994.8",
    "symbol": "ASI-USDT",
    "takerOrderId": "673f12b3088f010007b88aab",
    "time": "1732186803715000000",
    "tradeId": "5553316973393921",
    "type": "match",
    "time_data_received": "11:00:03.8004"
  },
  {
    "makerOrderId": "673f12b3d52cb800070dbb9b",
    "price": "0.16129",
    "sequence": "5553317036439553",
    "side": "sell",
    "size": "62",
    "symbol": "ASI-USDT",
    "takerOrderId": "673f12b3df6f6e00078481da",
    "time": "1732186803880000000",
    "tradeId": "5553317036439553",
    "type": "match",
    "time_data_received": "11:00:03.9785"
  },
  {
    "makerOrderId": "673f12b3b7e21a0007747914",
    "price": "0.16128",
    "sequence": "5553317036439556",
    "side": "sell",
    "size": "874.2",
    "symbol": "ASI-USDT",
    "takerOrderId": "673f12b3df6f6e00078481da",
    "time": "1732186803880000000",
    "tradeId": "5553317036439556",
    "type": "match",
    "time_data_received": "11:00:03.9790"
  },
  {
    "makerOrderId": "673f12b3b7e21a0007747914",
    "price": "0.16128",
    "sequence": "5553317038405633",
    "side": "sell",
    "size": "274.1",
    "symbol": "ASI-USDT",
    "takerOrderId": "673f12b331d09500073b8bf6",
    "time": "1732186803886000000",
    "tradeId": "5553317038405633",
    "type": "match",
    "time_data_received": "11:00:03.9798"
  },
  {
    "makerOrderId": "673f12b231d09500073b857d",
    "price": "0.16",
    "sequence": "5553317038405636",
    "side": "sell",
    "size": "465.2",
    "symbol": "ASI-USDT",
    "takerOrderId": "673f12b331d09500073b8bf6",
    "time": "1732186803886000000",
    "tradeId": "5553317038405636",
    "type": "match",
    "time_data_received": "11:00:03.9799"
  },
  {
    "makerOrderId": "673f12b231d09500073b857d",
    "price": "0.16",
    "sequence": "5553317085198337",
    "side": "sell",
    "size": "1770.6",
    "symbol": "ASI-USDT",
    "takerOrderId": "673f12b4088f010007b88c25",
    "time": "1732186804049000000",
    "tradeId": "5553317085198337",
    "type": "match",
    "time_data_received": "11:00:04.1024"
  },
  {
    "makerOrderId": "673f12b231d09500073b857d",
    "price": "0.16",
    "sequence": "5553317137496065",
    "side": "sell",
    "size": "116.5",
    "symbol": "ASI-USDT",
    "takerOrderId": "673f12b4f4f1200007c8fcea",
    "time": "1732186804241000000",
    "tradeId": "5553317137496065",
    "type": "match",
    "time_data_received": "11:00:04.2787"
  },
  {
    "makerOrderId": "673f12b231d09500073b857d",
    "price": "0.16",
    "sequence": "5553317172361217",
    "side": "sell",
    "size": "741.1",
    "symbol": "ASI-USDT",
    "takerOrderId": "673f12b40d855300072f0ff6",
    "time": "1732186804317000000",
    "tradeId": "5553317172361217",
    "type": "match",
    "time_data_received": "11:00:04.3555"
  },
  {
    "makerOrderId": "673f12b3088f010007b88b12",
    "price": "0.16459",
    "sequence": "5553317209585665",
    "side": "buy",
    "size": "146",
    "symbol": "ASI-USDT",
    "takerOrderId": "673f12b4088f010007b88ede",
    "time": "1732186804406000000",
    "tradeId": "5553317209585665",
    "type": "match",
    "time_data_received": "11:00:04.4528"
  },
  {
    "makerOrderId": "673f12b4f4f1200007c8fc8e",
    "price": "0.1646",
    "sequence": "5553317209585668",
    "side": "buy",
    "size": "62",
    "symbol": "ASI-USDT",
    "takerOrderId": "673f12b4088f010007b88ede",
    "time": "1732186804406000000",
    "tradeId": "5553317209585668",
    "type": "match",
    "time_data_received": "11:00:04.4532"
  },
  {
    "makerOrderId": "673f090e67cdc9000727d7a4",
    "price": "0.16462",
    "sequence": "5553317209585671",
    "side": "buy",
    "size": "391.9",
    "symbol": "ASI-USDT",
    "takerOrderId": "673f12b4088f010007b88ede",
    "time": "1732186804406000000",
    "tradeId": "5553317209585671",
    "type": "match",
    "time_data_received": "11:00:04.4534"
  },
  {
    "makerOrderId": "673f090e67cdc9000727d7a4",
    "price": "0.16462",
    "sequence": "5553317234096129",
    "side": "buy",
    "size": "586.4",
    "symbol": "ASI-USDT",
    "takerOrderId": "673f12b4f4f1200007c8ff23",
    "time": "1732186804487000000",
    "tradeId": "5553317234096129",
    "type": "match",
    "time_data_received": "11:00:04.5264"
  },
  {
    "makerOrderId": "673f12b231d09500073b857d",
    "price": "0.16",
    "sequence": "5553317259524097",
    "side": "sell",
    "size": "42.7",
    "symbol": "ASI-USDT",
    "takerOrderId": "673f12b4088f010007b89022",
    "time": "1732186804569000000",
    "tradeId": "5553317259524097",
    "type": "match",
    "time_data_received": "11:00:04.6069"
  },
  {
    "makerOrderId": "673f12b4ae93cc0007d88f6b",
    "price": "0.16001",
    "sequence": "5553317428475905",
    "side": "sell",
    "size": "62.4",
    "symbol": "ASI-USDT",
    "takerOrderId": "673f12b4f1bf400007a4c39d",
    "time": "1732186805005000000",
    "tradeId": "5553317428475905",
    "type": "match",
    "time_data_received": "11:00:05.0453"
  },
  {
    "makerOrderId": "673f12b231d09500073b857d",
    "price": "0.16",
    "sequence": "5553317428475908",
    "side": "sell",
    "size": "1526.8",
    "symbol": "ASI-USDT",
    "takerOrderId": "673f12b4f1bf400007a4c39d",
    "time": "1732186805005000000",
    "tradeId": "5553317428475908",
    "type": "match",
    "time_data_received": "11:00:05.0458"
  },
  {
    "makerOrderId": "673f12b231d09500073b857d",
    "price": "0.16",
    "sequence": "5553317463078913",
    "side": "sell",
    "size": "166.7",
    "symbol": "ASI-USDT",
    "takerOrderId": "673f12b531d09500073b93fe",
    "time": "1732186805119000000",
    "tradeId": "5553317463078913",
    "type": "match",
    "time_data_received": "11:00:05.1592"
  },
  {
    "makerOrderId": "673f12b231d09500073b857d",
    "price": "0.16",
    "sequence": "5553317467142145",
    "side": "sell",
    "size": "929.6",
    "symbol": "ASI-USDT",
    "takerOrderId": "673f12b5cf286a00074f4924",
    "time": "1732186805133000000",
    "tradeId": "5553317467142145",
    "type": "match",
    "time_data_received": "11:00:05.1728"
  },
  {
    "makerOrderId": "673f12b231d09500073b857d",
    "price": "0.16",
    "sequence": "5553317484181505",
    "side": "sell",
    "size": "1483.4",
    "symbol": "ASI-USDT",
    "takerOrderId": "673f12b537061e00075451b5",
    "time": "1732186805192000000",
    "tradeId": "5553317484181505",
    "type": "match",
    "time_data_received": "11:00:05.2361"
  },
  {
    "makerOrderId": "673f12b4f15b270007b10ffd",
    "price": "0.16",
    "sequence": "5553317484181508",
    "side": "sell",
    "size": "5606.8",
    "symbol": "ASI-USDT",
    "takerOrderId": "673f12b537061e00075451b5",
    "time": "1732186805192000000",
    "tradeId": "5553317484181508",
    "type": "match",
    "time_data_received": "11:00:05.2366"
  },
  {
    "makerOrderId": "673f12b4cf286a00074f46b8",
    "price": "0.15233",
    "sequence": "5553317484181511",
    "side": "sell",
    "size": "110",
    "symbol": "ASI-USDT",
    "takerOrderId": "673f12b537061e00075451b5",
    "time": "1732186805192000000",
    "tradeId": "5553317484181511",
    "type": "match",
    "time_data_received": "11:00:05.2367"
  },
  {
    "makerOrderId": "673f12b468486d000799c4bc",
    "price": "0.15233",
    "sequence": "5553317484181514",
    "side": "sell",
    "size": "884.2",
    "symbol": "ASI-USDT",
    "takerOrderId": "673f12b537061e00075451b5",
    "time": "1732186805192000000",
    "tradeId": "5553317484181514",
    "type": "match",
    "time_data_received": "11:00:05.2373"
  },
  {
    "makerOrderId": "673f12b44fe74600070b11a8",
    "price": "0.15233",
    "sequence": "5553317484181517",
    "side": "sell",
    "size": "332",
    "symbol": "ASI-USDT",
    "takerOrderId": "673f12b537061e00075451b5",
    "time": "1732186805192000000",
    "tradeId": "5553317484181517",
    "type": "match",
    "time_data_received": "11:00:05.2374"
  },
  {
    "makerOrderId": "673f12b2d52cb800070db739",
    "price": "0.15232",
    "sequence": "5553317484181520",
    "side": "sell",
    "size": "656.5",
    "symbol": "ASI-USDT",
    "takerOrderId": "673f12b537061e00075451b5",
    "time": "1732186805192000000",
    "tradeId": "5553317484181520",
    "type": "match",
    "time_data_received": "11:00:05.2376"
  },
  {
    "makerOrderId": "673f12b2c5ba74000798369e",
    "price": "0.15058",
    "sequence": "5553317509347329",
    "side": "sell",
    "size": "136.8",
    "symbol": "ASI-USDT",
    "takerOrderId": "673f12b5f4f1200007c9043b",
    "time": "1732186805286000000",
    "tradeId": "5553317509347329",
    "type": "match",
    "time_data_received": "11:00:05.3241"
  },
  {
    "makerOrderId": "673f12b0c65bf70007439478",
    "price": "0.15",
    "sequence": "5553317509347332",
    "side": "sell",
    "size": "638.1",
    "symbol": "ASI-USDT",
    "takerOrderId": "673f12b5f4f1200007c9043b",
    "time": "1732186805286000000",
    "tradeId": "5553317509347332",
    "type": "match",
    "time_data_received": "11:00:05.3250"
  },
  {
    "makerOrderId": "673f12b537061e00075451b5",
    "price": "0.15196",
    "sequence": "5553317553256449",
    "side": "buy",
    "size": "39.2",
    "symbol": "ASI-USDT",
    "takerOrderId": "673f12b5c5ba740007984754",
    "time": "1732186805446000000",
    "tradeId": "5553317553256449",
    "type": "match",
    "time_data_received": "11:00:05.4853"
  },
  {
    "makerOrderId": "673f12b537061e00075451b5",
    "price": "0.15196",
    "sequence": "5553317589301249",
    "side": "buy",
    "size": "1235.1",
    "symbol": "ASI-USDT",
    "takerOrderId": "673f12b51586c10007aedced",
    "time": "1732186805565000000",
    "tradeId": "5553317589301249",
    "type": "match",
    "time_data_received": "11:00:05.6053"
  },
  {
    "makerOrderId": "673f12b537061e00075451b5",
    "price": "0.15196",
    "sequence": "5553317593626625",
    "side": "buy",
    "size": "289.3",
    "symbol": "ASI-USDT",
    "takerOrderId": "673f12b54fe74600070b167a",
    "time": "1732186805574000000",
    "tradeId": "5553317593626625",
    "type": "match",
    "time_data_received": "11:00:05.6138"
  },
  {
    "makerOrderId": "673f12b537061e00075451b5",
    "price": "0.15196",
    "sequence": "5553317680265217",
    "side": "buy",
    "size": "1235.1",
    "symbol": "ASI-USDT",
    "takerOrderId": "673f12b5c65bf7000743be9d",
    "time": "1732186805866000000",
    "tradeId": "5553317680265217",
    "type": "match",
    "time_data_received": "11:00:05.9337"
  },
  {
    "makerOrderId": "673f12b537061e00075451b5",
    "price": "0.15196",
    "sequence": "5553317821822977",
    "side": "buy",
    "size": "1984.8",
    "symbol": "ASI-USDT",
    "takerOrderId": "673f12b6df6f6e00078491a9",
    "time": "1732186806185000000",
    "tradeId": "5553317821822977",
    "type": "match",
    "time_data_received": "11:00:06.2330"
  },
  {
    "makerOrderId": "673f12b0c65bf70007439478",
    "price": "0.15",
    "sequence": "5553317840041985",
    "side": "sell",
    "size": "983.8",
    "symbol": "ASI-USDT",
    "takerOrderId": "673f12b66967d3000713fa28",
    "time": "1732186806241000000",
    "tradeId": "5553317840041985",
    "type": "match",
    "time_data_received": "11:00:06.2793"
  },
  {
    "makerOrderId": "673f12b537061e00075451b5",
    "price": "0.15196",
    "sequence": "5553317943719937",
    "side": "buy",
    "size": "689.3",
    "symbol": "ASI-USDT",
    "takerOrderId": "673f12b6c5ba740007984f55",
    "time": "1732186806610000000",
    "tradeId": "5553317943719937",
    "type": "match",
    "time_data_received": "11:00:06.6507"
  },
  {
    "makerOrderId": "673f12b54fe74600070b158f",
    "price": "0.15196",
    "sequence": "5553317943719940",
    "side": "buy",
    "size": "346",
    "symbol": "ASI-USDT",
    "takerOrderId": "673f12b6c5ba740007984f55",
    "time": "1732186806610000000",
    "tradeId": "5553317943719940",
    "type": "match",
    "time_data_received": "11:00:06.6510"
  },
  {
    "makerOrderId": "673f12b6f4f1200007c90ab1",
    "price": "0.15196",
    "sequence": "5553317943719943",
    "side": "buy",
    "size": "371.1",
    "symbol": "ASI-USDT",
    "takerOrderId": "673f12b6c5ba740007984f55",
    "time": "1732186806610000000",
    "tradeId": "5553317943719943",
    "type": "match",
    "time_data_received": "11:00:06.6513"
  },
  {
    "makerOrderId": "673f12b5d52cb800070dc531",
    "price": "0.15197",
    "sequence": "5553317943719946",
    "side": "buy",
    "size": "332",
    "symbol": "ASI-USDT",
    "takerOrderId": "673f12b6c5ba740007984f55",
    "time": "1732186806610000000",
    "tradeId": "5553317943719946",
    "type": "match",
    "time_data_received": "11:00:06.6514"
  },
  {
    "makerOrderId": "673f12b5088f010007b894c9",
    "price": "0.15197",
    "sequence": "5553317943719949",
    "side": "buy",
    "size": "215.9",
    "symbol": "ASI-USDT",
    "takerOrderId": "673f12b6c5ba740007984f55",
    "time": "1732186806610000000",
    "tradeId": "5553317943719949",
    "type": "match",
    "time_data_received": "11:00:06.6518"
  },
  {
    "makerOrderId": "673f12b64fe74600070b1ec4",
    "price": "0.15001",
    "sequence": "5553318050936833",
    "side": "sell",
    "size": "312.2",
    "symbol": "ASI-USDT",
    "takerOrderId": "673f12b631d09500073b9f8e",
    "time": "1732186806936000000",
    "tradeId": "5553318050936833",
    "type": "match",
    "time_data_received": "11:00:06.9764"
  },
  {
    "makerOrderId": "673f12b0c65bf70007439478",
    "price": "0.15",
    "sequence": "5553318050936836",
    "side": "sell",
    "size": "2787.9",
    "symbol": "ASI-USDT",
    "takerOrderId": "673f12b631d09500073b9f8e",
    "time": "1732186806936000000",
    "tradeId": "5553318050936836",
    "type": "match",
    "time_data_received": "11:00:06.9767"
  },
  {
    "makerOrderId": "673f12b5c65bf7000743bb3f",
    "price": "0.15296",
    "sequence": "5553318117390337",
    "side": "buy",
    "size": "134.1",
    "symbol": "ASI-USDT",
    "takerOrderId": "673f12b7cf286a00074f55ca",
    "time": "1732186807118000000",
    "tradeId": "5553318117390337",
    "type": "match",
    "time_data_received": "11:00:07.1589"
  },
  {
    "makerOrderId": "673f12b5c65bf7000743bb3f",
    "price": "0.15296",
    "sequence": "5553318200358913",
    "side": "buy",
    "size": "113.7",
    "symbol": "ASI-USDT",
    "takerOrderId": "673f12b768486d000799d60b",
    "time": "1732186807322000000",
    "tradeId": "5553318200358913",
    "type": "match",
    "time_data_received": "11:00:07.3601"
  },
  {
    "makerOrderId": "673f12b531d09500073b9729",
    "price": "0.15296",
    "sequence": "5553318200358916",
    "side": "buy",
    "size": "136.4",
    "symbol": "ASI-USDT",
    "takerOrderId": "673f12b768486d000799d60b",
    "time": "1732186807322000000",
    "tradeId": "5553318200358916",
    "type": "match",
    "time_data_received": "11:00:07.3605"
  },
  {
    "makerOrderId": "673f12b6d52cb800070dce28",
    "price": "0.15296",
    "sequence": "5553318200358919",
    "side": "buy",
    "size": "277",
    "symbol": "ASI-USDT",
    "takerOrderId": "673f12b768486d000799d60b",
    "time": "1732186807322000000",
    "tradeId": "5553318200358919",
    "type": "match",
    "time_data_received": "11:00:07.3608"
  },
  {
    "makerOrderId": "673f12b767cdc900075c1c76",
    "price": "0.15296",
    "sequence": "5553318200358922",
    "side": "buy",
    "size": "312.2",
    "symbol": "ASI-USDT",
    "takerOrderId": "673f12b768486d000799d60b",
    "time": "1732186807322000000",
    "tradeId": "5553318200358922",
    "type": "match",
    "time_data_received": "11:00:07.3614"
  },
  {
    "makerOrderId": "673f12b7f4a7c50007aab5dd",
    "price": "0.15296",
    "sequence": "5553318200358925",
    "side": "buy",
    "size": "154.1",
    "symbol": "ASI-USDT",
    "takerOrderId": "673f12b768486d000799d60b",
    "time": "1732186807322000000",
    "tradeId": "5553318200358925",
    "type": "match",
    "time_data_received": "11:00:07.3616"
  },
  {
    "makerOrderId": "673f12b7f4a7c50007aab5dd",
    "price": "0.15296",
    "sequence": "5553318217660417",
    "side": "buy",
    "size": "58.4",
    "symbol": "ASI-USDT",
    "takerOrderId": "673f12b7f1bf400007a4d30e",
    "time": "1732186807379000000",
    "tradeId": "5553318217660417",
    "type": "match",
    "time_data_received": "11:00:07.4199"
  },
  {
    "makerOrderId": "673f12b5d52cb800070dc844",
    "price": "0.15297",
    "sequence": "5553318217660420",
    "side": "buy",
    "size": "14.2",
    "symbol": "ASI-USDT",
    "takerOrderId": "673f12b7f1bf400007a4d30e",
    "time": "1732186807379000000",
    "tradeId": "5553318217660420",
    "type": "match",
    "time_data_received": "11:00:07.4202"
  },
  {
    "makerOrderId": "673f12b7df6f6e0007849910",
    "price": "0.15001",
    "sequence": "5553318226966529",
    "side": "sell",
    "size": "66.6",
    "symbol": "ASI-USDT",
    "takerOrderId": "673f12b7088f010007b8a2f3",
    "time": "1732186807411000000",
    "tradeId": "5553318226966529",
    "type": "match",
    "time_data_received": "11:00:07.4504"
  },
  {
    "makerOrderId": "673f12b0c65bf70007439478",
    "price": "0.15",
    "sequence": "5553318226966532",
    "side": "sell",
    "size": "205.5",
    "symbol": "ASI-USDT",
    "takerOrderId": "673f12b7088f010007b8a2f3",
    "time": "1732186807411000000",
    "tradeId": "5553318226966532",
    "type": "match",
    "time_data_received": "11:00:07.4506"
  },
  {
    "makerOrderId": "673f12b0c65bf70007439478",
    "price": "0.15",
    "sequence": "5553318280050689",
    "side": "sell",
    "size": "1097.4",
    "symbol": "ASI-USDT",
    "takerOrderId": "673f12b7c65bf7000743c9c9",
    "time": "1732186807617000000",
    "tradeId": "5553318280050689",
    "type": "match",
    "time_data_received": "11:00:07.6571"
  },
  {
    "makerOrderId": "673f12b7d52cb800070dd4d2",
    "price": "0.15001",
    "sequence": "5553318324221953",
    "side": "sell",
    "size": "33.6",
    "symbol": "ASI-USDT",
    "takerOrderId": "673f12b7f4a7c50007aab92c",
    "time": "1732186807780000000",
    "tradeId": "5553318324221953",
    "type": "match",
    "time_data_received": "11:00:07.8217"
  },
  {
    "makerOrderId": "673f12b71586c10007aeea59",
    "price": "0.15001",
    "sequence": "5553318324221956",
    "side": "sell",
    "size": "225.5",
    "symbol": "ASI-USDT",
    "takerOrderId": "673f12b7f4a7c50007aab92c",
    "time": "1732186807780000000",
    "tradeId": "5553318324221956",
    "type": "match",
    "time_data_received": "11:00:07.8220"
  },
  {
    "makerOrderId": "673f12b71586c10007aeea59",
    "price": "0.15001",
    "sequence": "5553318325139457",
    "side": "sell",
    "size": "60.5",
    "symbol": "ASI-USDT",
    "takerOrderId": "673f12b731d09500073ba50e",
    "time": "1732186807784000000",
    "tradeId": "5553318325139457",
    "type": "match",
    "time_data_received": "11:00:07.8223"
  },
  {
    "makerOrderId": "673f12b7f4a7c50007aab8a4",
    "price": "0.15001",
    "sequence": "5553318325139460",
    "side": "sell",
    "size": "217.6",
    "symbol": "ASI-USDT",
    "takerOrderId": "673f12b731d09500073ba50e",
    "time": "1732186807784000000",
    "tradeId": "5553318325139460",
    "type": "match",
    "time_data_received": "11:00:07.8227"
  },
  {
    "makerOrderId": "673f12b7f1bf400007a4d531",
    "price": "0.15001",
    "sequence": "5553318325139463",
    "side": "sell",
    "size": "334.9",
    "symbol": "ASI-USDT",
    "takerOrderId": "673f12b731d09500073ba50e",
    "time": "1732186807784000000",
    "tradeId": "5553318325139463",
    "type": "match",
    "time_data_received": "11:00:07.8229"
  },
  {
    "makerOrderId": "673f12b7f4f1200007c914fa",
    "price": "0.15001",
    "sequence": "5553318325139466",
    "side": "sell",
    "size": "351.9",
    "symbol": "ASI-USDT",
    "takerOrderId": "673f12b731d09500073ba50e",
    "time": "1732186807784000000",
    "tradeId": "5553318325139466",
    "type": "match",
    "time_data_received": "11:00:07.8230"
  },
  {
    "makerOrderId": "673f12b0c65bf70007439478",
    "price": "0.15",
    "sequence": "5553318325139469",
    "side": "sell",
    "size": "291.5",
    "symbol": "ASI-USDT",
    "takerOrderId": "673f12b731d09500073ba50e",
    "time": "1732186807784000000",
    "tradeId": "5553318325139469",
    "type": "match",
    "time_data_received": "11:00:07.8232"
  },
  {
    "makerOrderId": "673f12b0c65bf70007439478",
    "price": "0.15",
    "sequence": "5553318345848833",
    "side": "sell",
    "size": "99.9",
    "symbol": "ASI-USDT",
    "takerOrderId": "673f12b7f4f1200007c91575",
    "time": "1732186807862000000",
    "tradeId": "5553318345848833",
    "type": "match",
    "time_data_received": "11:00:07.9021"
  },
  {
    "makerOrderId": "673f12b0c65bf70007439478",
    "price": "0.15",
    "sequence": "5553318393034753",
    "side": "sell",
    "size": "181.5",
    "symbol": "ASI-USDT",
    "takerOrderId": "673f12b7f4f1200007c91642",
    "time": "1732186807959000000",
    "tradeId": "5553318393034753",
    "type": "match",
    "time_data_received": "11:00:07.9984"
  },
  {
    "makerOrderId": "673f12b7c5ba7400079857e7",
    "price": "0.15001",
    "sequence": "5553318433536001",
    "side": "sell",
    "size": "152.8",
    "symbol": "ASI-USDT",
    "takerOrderId": "673f12b86967d30007140596",
    "time": "1732186808046000000",
    "tradeId": "5553318433536001",
    "type": "match",
    "time_data_received": "11:00:08.0857"
  },
  {
    "makerOrderId": "673f12b7c5ba7400079857e7",
    "price": "0.15001",
    "sequence": "5553318435239937",
    "side": "sell",
    "size": "109.4",
    "symbol": "ASI-USDT",
    "takerOrderId": "673f12b8c5ba74000798586d",
    "time": "1732186808051000000",
    "tradeId": "5553318435239937",
    "type": "match",
    "time_data_received": "11:00:08.0916"
  },
  {
    "makerOrderId": "673f12b0c65bf70007439478",
    "price": "0.15",
    "sequence": "5553318435239940",
    "side": "sell",
    "size": "517.8",
    "symbol": "ASI-USDT",
    "takerOrderId": "673f12b8c5ba74000798586d",
    "time": "1732186808051000000",
    "tradeId": "5553318435239940",
    "type": "match",
    "time_data_received": "11:00:08.0919"
  },
  {
    "makerOrderId": "673f12b0c65bf7000743947d",
    "price": "0.15",
    "sequence": "5553318435239943",
    "side": "sell",
    "size": "507.3",
    "symbol": "ASI-USDT",
    "takerOrderId": "673f12b8c5ba74000798586d",
    "time": "1732186808051000000",
    "tradeId": "5553318435239943",
    "type": "match",
    "time_data_received": "11:00:08.0922"
  },
  {
    "makerOrderId": "673f12b0c65bf7000743947d",
    "price": "0.15",
    "sequence": "5553318448347137",
    "side": "sell",
    "size": "1257.3",
    "symbol": "ASI-USDT",
    "takerOrderId": "673f12b8cf286a00074f5c3e",
    "time": "1732186808098000000",
    "tradeId": "5553318448347137",
    "type": "match",
    "time_data_received": "11:00:08.1343"
  },
  {
    "makerOrderId": "673f12b0c65bf7000743947d",
    "price": "0.15",
    "sequence": "5553318535116801",
    "side": "sell",
    "size": "614.3",
    "symbol": "ASI-USDT",
    "takerOrderId": "673f12b8f4a7c50007aabcb1",
    "time": "1732186808376000000",
    "tradeId": "5553318535116801",
    "type": "match",
    "time_data_received": "11:00:08.4176"
  },
  {
    "makerOrderId": "673f12b0c65bf7000743947d",
    "price": "0.15",
    "sequence": "5553318543374337",
    "side": "sell",
    "size": "252.5",
    "symbol": "ASI-USDT",
    "takerOrderId": "673f12b8ae93cc0007d8a72f",
    "time": "1732186808403000000",
    "tradeId": "5553318543374337",
    "type": "match",
    "time_data_received": "11:00:08.4423"
  },
  {
    "makerOrderId": "673f12b0c65bf7000743947d",
    "price": "0.15",
    "sequence": "5553318545995777",
    "side": "sell",
    "size": "431.9",
    "symbol": "ASI-USDT",
    "takerOrderId": "673f12b8f4f1200007c918e9",
    "time": "1732186808415000000",
    "tradeId": "5553318545995777",
    "type": "match",
    "time_data_received": "11:00:08.4514"
  },
  {
    "makerOrderId": "673f12b0c65bf7000743947d",
    "price": "0.15",
    "sequence": "5553318567622657",
    "side": "sell",
    "size": "230.6",
    "symbol": "ASI-USDT",
    "takerOrderId": "673f12b86967d30007140816",
    "time": "1732186808493000000",
    "tradeId": "5553318567622657",
    "type": "match",
    "time_data_received": "11:00:08.5332"
  },
  {
    "makerOrderId": "673f12b70d855300072f252e",
    "price": "0.15296",
    "sequence": "5553318587676673",
    "side": "buy",
    "size": "3182",
    "symbol": "ASI-USDT",
    "takerOrderId": "673f12b868486d000799dce2",
    "time": "1732186808576000000",
    "tradeId": "5553318587676673",
    "type": "match",
    "time_data_received": "11:00:08.6128"
  },
  {
    "makerOrderId": "673f12b70d855300072f252e",
    "price": "0.15296",
    "sequence": "5553318647576577",
    "side": "buy",
    "size": "1413.9",
    "symbol": "ASI-USDT",
    "takerOrderId": "673f12b84fe74600070b2bbc",
    "time": "1732186808720000000",
    "tradeId": "5553318647576577",
    "type": "match",
    "time_data_received": "11:00:08.7614"
  },
  {
    "makerOrderId": "673f12b0c65bf7000743947d",
    "price": "0.15",
    "sequence": "5553318659241985",
    "side": "sell",
    "size": "566.7",
    "symbol": "ASI-USDT",
    "takerOrderId": "673f12b8f1bf400007a4dbb5",
    "time": "1732186808736000000",
    "tradeId": "5553318659241985",
    "type": "match",
    "time_data_received": "11:00:08.7757"
  },
  {
    "makerOrderId": "673f12b0c65bf7000743947d",
    "price": "0.15",
    "sequence": "5553318670776321",
    "side": "sell",
    "size": "817.5",
    "symbol": "ASI-USDT",
    "takerOrderId": "673f12b8f15b270007b12983",
    "time": "1732186808756000000",
    "tradeId": "5553318670776321",
    "type": "match",
    "time_data_received": "11:00:08.7937"
  },
  {
    "makerOrderId": "673f12b0c65bf7000743947d",
    "price": "0.15",
    "sequence": "5553318703675393",
    "side": "sell",
    "size": "1954.3",
    "symbol": "ASI-USDT",
    "takerOrderId": "673f12b8b7e21a0007749c79",
    "time": "1732186808831000000",
    "tradeId": "5553318703675393",
    "type": "match",
    "time_data_received": "11:00:08.8661"
  },
  {
    "makerOrderId": "673f12b70d855300072f252e",
    "price": "0.15296",
    "sequence": "5553318711670785",
    "side": "buy",
    "size": "71.2",
    "symbol": "ASI-USDT",
    "takerOrderId": "673f12b8f4f1200007c91c81",
    "time": "1732186808860000000",
    "tradeId": "5553318711670785",
    "type": "match",
    "time_data_received": "11:00:08.8996"
  },
  {
    "makerOrderId": "673f12b70d855300072f252e",
    "price": "0.15296",
    "sequence": "5553318747584513",
    "side": "buy",
    "size": "47.6",
    "symbol": "ASI-USDT",
    "takerOrderId": "673f12b831d09500073bac88",
    "time": "1732186808922000000",
    "tradeId": "5553318747584513",
    "type": "match",
    "time_data_received": "11:00:08.9615"
  },
  {
    "makerOrderId": "673f12b0c65bf7000743947d",
    "price": "0.15",
    "sequence": "5553318793459713",
    "side": "sell",
    "size": "227.3",
    "symbol": "ASI-USDT",
    "takerOrderId": "673f12b94fe74600070b2e3c",
    "time": "1732186809062000000",
    "tradeId": "5553318793459713",
    "type": "match",
    "time_data_received": "11:00:09.1000"
  },
  {
    "makerOrderId": "673f12b0c65bf7000743947d",
    "price": "0.15",
    "sequence": "5553318814824449",
    "side": "sell",
    "size": "73.3",
    "symbol": "ASI-USDT",
    "takerOrderId": "673f12b9b7e21a0007749e3b",
    "time": "1732186809143000000",
    "tradeId": "5553318814824449",
    "type": "match",
    "time_data_received": "11:00:09.1791"
  },
  {
    "makerOrderId": "673f12b0c65bf70007439486",
    "price": "0.15",
    "sequence": "5553318814824452",
    "side": "sell",
    "size": "464",
    "symbol": "ASI-USDT",
    "takerOrderId": "673f12b9b7e21a0007749e3b",
    "time": "1732186809143000000",
    "tradeId": "5553318814824452",
    "type": "match",
    "time_data_received": "11:00:09.1792"
  },
  {
    "makerOrderId": "673f12b0c65bf70007439486",
    "price": "0.15",
    "sequence": "5553318816004097",
    "side": "sell",
    "size": "340.2",
    "symbol": "ASI-USDT",
    "takerOrderId": "673f12b94fe74600070b2ebf",
    "time": "1732186809147000000",
    "tradeId": "5553318816004097",
    "type": "match",
    "time_data_received": "11:00:09.1847"
  },
  {
    "makerOrderId": "673f12b0c65bf70007439486",
    "price": "0.15",
    "sequence": "5553318888486913",
    "side": "sell",
    "size": "87.9",
    "symbol": "ASI-USDT",
    "takerOrderId": "673f12b9ae93cc0007d8addc",
    "time": "1732186809370000000",
    "tradeId": "5553318888486913",
    "type": "match",
    "time_data_received": "11:00:09.4049"
  },
  {
    "makerOrderId": "673f12b0c65bf70007439486",
    "price": "0.15",
    "sequence": "5553318892288001",
    "side": "sell",
    "size": "586.4",
    "symbol": "ASI-USDT",
    "takerOrderId": "673f12b9cf286a00074f646a",
    "time": "1732186809391000000",
    "tradeId": "5553318892288001",
    "type": "match",
    "time_data_received": "11:00:09.4271"
  },
  {
    "makerOrderId": "673f12b70d855300072f252e",
    "price": "0.15296",
    "sequence": "5553318892943361",
    "side": "buy",
    "size": "1481",
    "symbol": "ASI-USDT",
