[
  {
    "id": "1732096770500",
    "type": "pong",
    "timestamp": 1732096770539793
  },
  {
    "id": "1732096790501",
    "type": "pong",
    "timestamp": 1732096790540557
  },
  {
    "topic": "/market/match:PNDR-USDT",
    "type": "message",
    "subject": "trade.l3match",
    "data": {
      "price": "0.1",
      "sequence": "5522259437041665",
      "side": "sell",
      "size": "5",
      "symbol": "PNDR-USDT",
      "time": "1732096800000000000",
      "tradeId": "5522259437041665",
      "type": "match",
      "time_before_que.put": "10:00:00.097",
      "seconds_from_release": 0.097407,
      "time_after_queue.get": "10:00:00.097"
    }
  },
  {
    "topic": "/market/match:PNDR-USDT",
    "type": "message",
    "subject": "trade.l3match",
    "data": {
      "makerOrderId": "673da8b308e10c00076f419e",
      "price": "0.1",
      "sequence": "5522259437041666",
      "side": "buy",
      "size": "250",
      "symbol": "PNDR-USDT",
      "takerOrderId": "673db320adc212000741ccc4",
      "time": "1732096800040000000",
      "tradeId": "5522259437041666",
      "type": "match",
      "time_before_que.put": "10:00:00.097",
      "seconds_from_release": 0.097886,
      "time_after_queue.get": "10:00:00.098"
    }
  },
  {
    "topic": "/market/match:PNDR-USDT",
    "type": "message",
    "subject": "trade.l3match",
    "data": {
      "makerOrderId": "673da8b32ab0100007ef9686",
      "price": "0.105",
      "sequence": "5522259437041669",
      "side": "buy",
      "size": "714",
      "symbol": "PNDR-USDT",
      "takerOrderId": "673db320adc212000741ccc4",
      "time": "1732096800040000000",
      "tradeId": "5522259437041669",
      "type": "match",
      "time_before_que.put": "10:00:00.098",
      "seconds_from_release": 0.098154,
      "time_after_queue.get": "10:00:00.098"
    }
  },
  {
    "topic": "/market/match:PNDR-USDT",
    "type": "message",
    "subject": "trade.l3match",
    "data": {
      "makerOrderId": "673da8b3c95c31000744d865",
      "price": "0.11",
      "sequence": "5522259437041672",
      "side": "buy",
      "size": "1136",
      "symbol": "PNDR-USDT",
      "takerOrderId": "673db320adc212000741ccc4",
      "time": "1732096800040000000",
      "tradeId": "5522259437041672",
      "type": "match",
      "time_before_que.put": "10:00:00.098",
      "seconds_from_release": 0.098386,
      "time_after_queue.get": "10:00:00.098"
    }
  },
  {
    "topic": "/market/match:PNDR-USDT",
    "type": "message",
    "subject": "trade.l3match",
    "data": {
      "makerOrderId": "673da8b3fc902200072bd877",
      "price": "0.12",
      "sequence": "5522259438483457",
      "side": "buy",
      "size": "1875",
      "symbol": "PNDR-USDT",
      "takerOrderId": "673db320adc212000741cce3",
      "time": "1732096800044000000",
      "tradeId": "5522259438483457",
      "type": "match",
      "time_before_que.put": "10:00:00.098",
      "seconds_from_release": 0.098549,
      "time_after_queue.get": "10:00:00.098"
    }
  },
  {
    "topic": "/market/match:PNDR-USDT",
    "type": "message",
    "subject": "trade.l3match",
    "data": {
      "makerOrderId": "673da8b457d3360007b625e6",
      "price": "0.125",
      "sequence": "5522259438483460",
      "side": "buy",
      "size": "1792",
      "symbol": "PNDR-USDT",
      "takerOrderId": "673db320adc212000741cce3",
      "time": "1732096800044000000",
      "tradeId": "5522259438483460",
      "type": "match",
      "time_before_que.put": "10:00:00.098",
      "seconds_from_release": 0.098688,
      "time_after_queue.get": "10:00:00.098"
    }
  },
  {
    "topic": "/market/match:PNDR-USDT",
    "type": "message",
    "subject": "trade.l3match",
    "data": {
      "makerOrderId": "673da8b5c95c31000744dfe1",
      "price": "0.13",
      "sequence": "5522259438483463",
      "side": "buy",
      "size": "954",
      "symbol": "PNDR-USDT",
      "takerOrderId": "673db320adc212000741cce3",
      "time": "1732096800044000000",
      "tradeId": "5522259438483463",
      "type": "match",
      "time_before_que.put": "10:00:00.098",
      "seconds_from_release": 0.098826,
      "time_after_queue.get": "10:00:00.099"
    }
  },
  {
    "topic": "/market/match:PNDR-USDT",
    "type": "message",
    "subject": "trade.l3match",
    "data": {
      "makerOrderId": "673da8b5f53c5a0007263289",
      "price": "0.135",
      "sequence": "5522259439269889",
      "side": "buy",
      "size": "3889",
      "symbol": "PNDR-USDT",
      "takerOrderId": "673db320adc212000741ccc7",
      "time": "1732096800048000000",
      "tradeId": "5522259439269889",
      "type": "match",
      "time_before_que.put": "10:00:00.098",
      "seconds_from_release": 0.098972,
      "time_after_queue.get": "10:00:00.099"
    }
  },
  {
    "topic": "/market/match:PNDR-USDT",
    "type": "message",
    "subject": "trade.l3match",
    "data": {
      "makerOrderId": "673da8b554d62a00070f5ce8",
      "price": "0.14",
      "sequence": "5522259439269892",
      "side": "buy",
      "size": "1334",
      "symbol": "PNDR-USDT",
      "takerOrderId": "673db320adc212000741ccc7",
      "time": "1732096800048000000",
      "tradeId": "5522259439269892",
      "type": "match",
      "time_before_que.put": "10:00:00.099",
      "seconds_from_release": 0.099136,
      "time_after_queue.get": "10:00:00.099"
    }
  },
  {
    "topic": "/market/match:PNDR-USDT",
    "type": "message",
    "subject": "trade.l3match",
    "data": {
      "makerOrderId": "673da8b554d62a00070f5ce8",
      "price": "0.14",
      "sequence": "5522259440056321",
      "side": "buy",
      "size": "4216",
      "symbol": "PNDR-USDT",
      "takerOrderId": "673db320adc212000741ccf7",
      "time": "1732096800050000000",
      "tradeId": "5522259440056321",
      "type": "match",
      "time_before_que.put": "10:00:00.104",
      "seconds_from_release": 0.104062,
      "time_after_queue.get": "10:00:00.104"
    }
  },
  {
    "topic": "/market/match:PNDR-USDT",
    "type": "message",
    "subject": "trade.l3match",
    "data": {
      "makerOrderId": "673da8b5c95c31000744e3be",
      "price": "0.145",
      "sequence": "5522259440056324",
      "side": "buy",
      "size": "1007",
      "symbol": "PNDR-USDT",
      "takerOrderId": "673db320adc212000741ccf7",
      "time": "1732096800050000000",
      "tradeId": "5522259440056324",
      "type": "match",
      "time_before_que.put": "10:00:00.168",
      "seconds_from_release": 0.168713,
      "time_after_queue.get": "10:00:00.169"
    }
  },
  {
    "topic": "/market/match:PNDR-USDT",
    "type": "message",
    "subject": "trade.l3match",
    "data": {
      "makerOrderId": "673da8b5c95c31000744e3be",
      "price": "0.145",
      "sequence": "5522259440187393",
      "side": "buy",
      "size": "4069",
      "symbol": "PNDR-USDT",
      "takerOrderId": "673db320adc212000741ccce",
      "time": "1732096800050000000",
      "tradeId": "5522259440187393",
      "type": "match",
      "time_before_que.put": "10:00:00.169",
      "seconds_from_release": 0.169151,
      "time_after_queue.get": "10:00:00.169"
    }
  },
  {
    "topic": "/market/match:PNDR-USDT",
    "type": "message",
    "subject": "trade.l3match",
    "data": {
      "makerOrderId": "673da8b6ab0f0a0007d6f3e7",
      "price": "0.15",
      "sequence": "5522259440187396",
      "side": "buy",
      "size": "1154",
      "symbol": "PNDR-USDT",
      "takerOrderId": "673db320adc212000741ccce",
      "time": "1732096800050000000",
      "tradeId": "5522259440187396",
      "type": "match",
      "time_before_que.put": "10:00:00.169",
      "seconds_from_release": 0.169428,
      "time_after_queue.get": "10:00:00.169"
    }
  },
  {
    "topic": "/market/match:PNDR-USDT",
    "type": "message",
    "subject": "trade.l3match",
    "data": {
      "makerOrderId": "673da8b6ab0f0a0007d6f3e7",
      "price": "0.15",
      "sequence": "5522259440711681",
      "side": "buy",
      "size": "5223",
      "symbol": "PNDR-USDT",
      "takerOrderId": "673db320adc212000741ccd2",
      "time": "1732096800052000000",
      "tradeId": "5522259440711681",
      "type": "match",
      "time_before_que.put": "10:00:00.169",
      "seconds_from_release": 0.169558,
      "time_after_queue.get": "10:00:00.169"
    }
  },
  {
    "topic": "/market/match:PNDR-USDT",
    "type": "message",
    "subject": "trade.l3match",
    "data": {
      "makerOrderId": "673da8b6ab0f0a0007d6f3e7",
      "price": "0.15",
      "sequence": "5522259440842753",
      "side": "buy",
      "size": "3843",
      "symbol": "PNDR-USDT",
      "takerOrderId": "673db320adc212000741ccf2",
      "time": "1732096800052000000",
      "tradeId": "5522259440842753",
      "type": "match",
      "time_before_que.put": "10:00:00.169",
      "seconds_from_release": 0.16968,
      "time_after_queue.get": "10:00:00.169"
    }
  },
  {
    "topic": "/market/match:PNDR-USDT",
    "type": "message",
    "subject": "trade.l3match",
    "data": {
      "makerOrderId": "673da8b6fc902200072be4a8",
      "price": "0.175",
      "sequence": "5522259441235969",
      "side": "buy",
      "size": "5223",
      "symbol": "PNDR-USDT",
      "takerOrderId": "673db320adc212000741ccf9",
      "time": "1732096800053000000",
      "tradeId": "5522259441235969",
      "type": "match",
      "time_before_que.put": "10:00:00.169",
      "seconds_from_release": 0.16982,
      "time_after_queue.get": "10:00:00.170"
    }
  },
  {
    "topic": "/market/match:PNDR-USDT",
    "type": "message",
    "subject": "trade.l3match",
    "data": {
      "makerOrderId": "673da8b6fc902200072be4a8",
      "price": "0.175",
      "sequence": "5522259441629185",
      "side": "buy",
      "size": "3594",
      "symbol": "PNDR-USDT",
      "takerOrderId": "673db320adc212000741cd54",
      "time": "1732096800057000000",
      "tradeId": "5522259441629185",
      "type": "match",
      "time_before_que.put": "10:00:00.169",
      "seconds_from_release": 0.169942,
      "time_after_queue.get": "10:00:00.170"
    }
  },
  {
    "topic": "/market/match:PNDR-USDT",
    "type": "message",
    "subject": "trade.l3match",
    "data": {
      "makerOrderId": "673da8b6d181be0007ace96d",
      "price": "0.2",
      "sequence": "5522259442808833",
      "side": "buy",
      "size": "5223",
      "symbol": "PNDR-USDT",
      "takerOrderId": "673db320adc212000741cd6c",
      "time": "1732096800061000000",
      "tradeId": "5522259442808833",
      "type": "match",
      "time_before_que.put": "10:00:00.170",
      "seconds_from_release": 0.170069,
      "time_after_queue.get": "10:00:00.170"
    }
  },
  {
    "topic": "/market/match:PNDR-USDT",
    "type": "message",
    "subject": "trade.l3match",
    "data": {
      "makerOrderId": "673da8b6d181be0007ace96d",
      "price": "0.2",
      "sequence": "5522259442939905",
      "side": "buy",
      "size": "4897",
      "symbol": "PNDR-USDT",
      "takerOrderId": "673db320adc212000741cd84",
      "time": "1732096800061000000",
      "tradeId": "5522259442939905",
      "type": "match",
      "time_before_que.put": "10:00:00.170",
      "seconds_from_release": 0.170194,
      "time_after_queue.get": "10:00:00.170"
    }
  },
  {
    "topic": "/market/match:PNDR-USDT",
    "type": "message",
    "subject": "trade.l3match",
    "data": {
      "makerOrderId": "673da8b6429d8b000778a4bc",
      "price": "0.225",
      "sequence": "5522259450017793",
      "side": "buy",
      "size": "2851.43",
      "symbol": "PNDR-USDT",
      "takerOrderId": "673db320adc212000741cdb4",
      "time": "1732096800079000000",
      "tradeId": "5522259450017793",
      "type": "match",
      "time_before_que.put": "10:00:00.170",
      "seconds_from_release": 0.170375,
      "time_after_queue.get": "10:00:00.170"
    }
  },
  {
    "topic": "/market/match:PNDR-USDT",
    "type": "message",
    "subject": "trade.l3match",
    "data": {
      "makerOrderId": "673da8b6429d8b000778a4bc",
      "price": "0.225",
      "sequence": "5522259450148865",
      "side": "buy",
      "size": "2851.43",
      "symbol": "PNDR-USDT",
      "takerOrderId": "673db320adc212000741cd9e",
      "time": "1732096800079000000",
      "tradeId": "5522259450148865",
      "type": "match",
      "time_before_que.put": "10:00:00.170",
      "seconds_from_release": 0.170606,
      "time_after_queue.get": "10:00:00.170"
    }
  },
  {
    "topic": "/market/match:PNDR-USDT",
    "type": "message",
    "subject": "trade.l3match",
    "data": {
      "makerOrderId": "673da8b6429d8b000778a4bc",
      "price": "0.225",
      "sequence": "5522259450279937",
      "side": "buy",
      "size": "2851.43",
      "symbol": "PNDR-USDT",
      "takerOrderId": "673db320adc212000741cd63",
      "time": "1732096800079000000",
      "tradeId": "5522259450279937",
      "type": "match",
      "time_before_que.put": "10:00:00.170",
      "seconds_from_release": 0.170854,
      "time_after_queue.get": "10:00:00.171"
    }
  },
  {
    "topic": "/market/match:PNDR-USDT",
    "type": "message",
    "subject": "trade.l3match",
    "data": {
      "makerOrderId": "673da8b6429d8b000778a4bc",
      "price": "0.225",
      "sequence": "5522259450411009",
      "side": "buy",
      "size": "569.71",
      "symbol": "PNDR-USDT",
      "takerOrderId": "673db320adc212000741cd5c",
      "time": "1732096800079000000",
      "tradeId": "5522259450411009",
      "type": "match",
      "time_before_que.put": "10:00:00.170",
      "seconds_from_release": 0.170986,
      "time_after_queue.get": "10:00:00.171"
    }
  },
  {
    "topic": "/market/match:PNDR-USDT",
    "type": "message",
    "subject": "trade.l3match",
    "data": {
      "makerOrderId": "673da8b798326e0007dafcf2",
      "price": "0.25",
      "sequence": "5522259451721729",
      "side": "buy",
      "size": "7972",
      "symbol": "PNDR-USDT",
      "takerOrderId": "673db320adc212000741cd7c",
      "time": "1732096800082000000",
      "tradeId": "5522259451721729",
      "type": "match",
      "time_before_que.put": "10:00:00.171",
      "seconds_from_release": 0.171117,
      "time_after_queue.get": "10:00:00.171"
    }
  },
  {
    "topic": "/market/match:PNDR-USDT",
    "type": "message",
    "subject": "trade.l3match",
    "data": {
      "makerOrderId": "673da8b7d181be0007acecd5",
      "price": "0.27",
      "sequence": "5522259451721732",
      "side": "buy",
      "size": "4344",
      "symbol": "PNDR-USDT",
      "takerOrderId": "673db320adc212000741cd7c",
      "time": "1732096800082000000",
      "tradeId": "5522259451721732",
      "type": "match",
      "time_before_que.put": "10:00:00.171",
      "seconds_from_release": 0.171248,
      "time_after_queue.get": "10:00:00.171"
    }
  },
  {
    "topic": "/market/match:PNDR-USDT",
    "type": "message",
    "subject": "trade.l3match",
    "data": {
      "makerOrderId": "673da8b7adc212000711a071",
      "price": "0.3",
      "sequence": "5522259454736385",
      "side": "buy",
      "size": "2851.43",
      "symbol": "PNDR-USDT",
      "takerOrderId": "673db320c95c31000775139f",
      "time": "1732096800091000000",
      "tradeId": "5522259454736385",
      "type": "match",
      "time_before_que.put": "10:00:00.171",
      "seconds_from_release": 0.171378,
      "time_after_queue.get": "10:00:00.171"
    }
  },
  {
    "topic": "/market/match:PNDR-USDT",
    "type": "message",
    "subject": "trade.l3match",
    "data": {
      "makerOrderId": "673da8b7adc212000711a071",
      "price": "0.3",
      "sequence": "5522259454867457",
      "side": "buy",
      "size": "2851.43",
      "symbol": "PNDR-USDT",
      "takerOrderId": "673db320c95c310007751393",
      "time": "1732096800091000000",
      "tradeId": "5522259454867457",
      "type": "match",
      "time_before_que.put": "10:00:00.171",
      "seconds_from_release": 0.171506,
      "time_after_queue.get": "10:00:00.171"
    }
  },
  {
    "topic": "/market/match:PNDR-USDT",
    "type": "message",
    "subject": "trade.l3match",
    "data": {
      "makerOrderId": "673da8b7adc212000711a071",
      "price": "0.3",
      "sequence": "5522259454998529",
      "side": "buy",
      "size": "4017.14",
      "symbol": "PNDR-USDT",
      "takerOrderId": "673db320adc212000741cdca",
      "time": "1732096800092000000",
      "tradeId": "5522259454998529",
      "type": "match",
      "time_before_que.put": "10:00:00.171",
      "seconds_from_release": 0.171668,
      "time_after_queue.get": "10:00:00.172"
    }
  },
  {
    "topic": "/market/match:PNDR-USDT",
    "type": "message",
    "subject": "trade.l3match",
    "data": {
      "makerOrderId": "673da8b72ab0100007efac49",
      "price": "0.32",
      "sequence": "5522259454998532",
      "side": "buy",
      "size": "382.86",
      "symbol": "PNDR-USDT",
      "takerOrderId": "673db320adc212000741cdca",
      "time": "1732096800092000000",
      "tradeId": "5522259454998532",
      "type": "match",
      "time_before_que.put": "10:00:00.171",
      "seconds_from_release": 0.171918,
      "time_after_queue.get": "10:00:00.172"
    }
  },
  {
    "topic": "/market/match:PNDR-USDT",
    "type": "message",
    "subject": "trade.l3match",
    "data": {
      "makerOrderId": "673da8b72ab0100007efac49",
      "price": "0.32",
      "sequence": "5522259461552129",
      "side": "buy",
      "size": "1",
      "symbol": "PNDR-USDT",
      "takerOrderId": "673db320adc212000741cea9",
      "time": "1732096800106000000",
      "tradeId": "5522259461552129",
      "type": "match",
      "time_before_que.put": "10:00:00.172",
      "seconds_from_release": 0.172163,
      "time_after_queue.get": "10:00:00.172"
    }
  },
  {
    "topic": "/market/match:PNDR-USDT",
    "type": "message",
    "subject": "trade.l3match",
    "data": {
      "makerOrderId": "673da8b72ab0100007efac49",
      "price": "0.32",
      "sequence": "5522259465353217",
      "side": "buy",
      "size": "1",
      "symbol": "PNDR-USDT",
      "takerOrderId": "673db3203cda650007c162c2",
      "time": "1732096800121000000",
      "tradeId": "5522259465353217",
      "type": "match",
      "time_before_que.put": "10:00:00.172",
      "seconds_from_release": 0.172362,
      "time_after_queue.get": "10:00:00.172"
    }
  },
  {
    "topic": "/market/match:PNDR-USDT",
    "type": "message",
    "subject": "trade.l3match",
    "data": {
      "makerOrderId": "673da8b72ab0100007efac49",
      "price": "0.32",
      "sequence": "5522259475707905",
      "side": "buy",
      "size": "1",
      "symbol": "PNDR-USDT",
      "takerOrderId": "673db320adc212000741cf3a",
      "time": "1732096800145000000",
      "tradeId": "5522259475707905",
      "type": "match",
      "time_before_que.put": "10:00:00.190",
      "seconds_from_release": 0.190354,
      "time_after_queue.get": "10:00:00.190"
    }
  },
  {
    "topic": "/market/match:PNDR-USDT",
    "type": "message",
    "subject": "trade.l3match",
    "data": {
      "makerOrderId": "673da8b72ab0100007efac49",
      "price": "0.32",
      "sequence": "5522259476494337",
      "side": "buy",
      "size": "1",
      "symbol": "PNDR-USDT",
      "takerOrderId": "673db32057d3360007e65542",
      "time": "1732096800147000000",
      "tradeId": "5522259476494337",
      "type": "match",
      "time_before_que.put": "10:00:00.197",
      "seconds_from_release": 0.197565,
      "time_after_queue.get": "10:00:00.197"
    }
  },
  {
    "topic": "/market/match:PNDR-USDT",
    "type": "message",
    "subject": "trade.l3match",
    "data": {
      "makerOrderId": "673da8b72ab0100007efac49",
      "price": "0.32",
      "sequence": "5522259479246849",
      "side": "buy",
      "size": "1",
      "symbol": "PNDR-USDT",
      "takerOrderId": "673db3203cda650007c16359",
      "time": "1732096800156000000",
      "tradeId": "5522259479246849",
      "type": "match",
      "time_before_que.put": "10:00:00.203",
      "seconds_from_release": 0.20316,
      "time_after_queue.get": "10:00:00.203"
    }
  },
  {
    "topic": "/market/match:PNDR-USDT",
    "type": "message",
    "subject": "trade.l3match",
    "data": {
      "makerOrderId": "673da8b72ab0100007efac49",
      "price": "0.32",
      "sequence": "5522259481212929",
      "side": "buy",
      "size": "1",
      "symbol": "PNDR-USDT",
      "takerOrderId": "673db320355a360007da24cb",
      "time": "1732096800164000000",
      "tradeId": "5522259481212929",
      "type": "match",
      "time_before_que.put": "10:00:00.212",
      "seconds_from_release": 0.212675,
      "time_after_queue.get": "10:00:00.212"
    }
  },
  {
    "topic": "/market/match:PNDR-USDT",
    "type": "message",
    "subject": "trade.l3match",
    "data": {
      "makerOrderId": "673da8b72ab0100007efac49",
      "price": "0.32",
      "sequence": "5522259482130433",
      "side": "buy",
      "size": "1",
      "symbol": "PNDR-USDT",
      "takerOrderId": "673db32057d3360007e6559b",
      "time": "1732096800166000000",
      "tradeId": "5522259482130433",
      "type": "match",
      "time_before_que.put": "10:00:00.212",
      "seconds_from_release": 0.212857,
      "time_after_queue.get": "10:00:00.212"
    }
  },
  {
    "topic": "/market/match:PNDR-USDT",
    "type": "message",
    "subject": "trade.l3match",
    "data": {
      "makerOrderId": "673da8b72ab0100007efac49",
      "price": "0.32",
      "sequence": "5522259484358657",
      "side": "buy",
      "size": "1",
      "symbol": "PNDR-USDT",
      "takerOrderId": "673db32057d3360007e655be",
      "time": "1732096800174000000",
      "tradeId": "5522259484358657",
      "type": "match",
      "time_before_que.put": "10:00:00.224",
      "seconds_from_release": 0.224083,
      "time_after_queue.get": "10:00:00.224"
    }
  },
  {
    "topic": "/market/match:PNDR-USDT",
    "type": "message",
    "subject": "trade.l3match",
    "data": {
      "makerOrderId": "673da8b72ab0100007efac49",
      "price": "0.32",
      "sequence": "5522259489863681",
      "side": "buy",
      "size": "1",
      "symbol": "PNDR-USDT",
      "takerOrderId": "673db32054d62a00073f8690",
      "time": "1732096800187000000",
      "tradeId": "5522259489863681",
      "type": "match",
      "time_before_que.put": "10:00:00.232",
      "seconds_from_release": 0.232001,
      "time_after_queue.get": "10:00:00.232"
    }
  },
  {
    "topic": "/market/match:PNDR-USDT",
    "type": "message",
    "subject": "trade.l3match",
    "data": {
      "makerOrderId": "673da8b72ab0100007efac49",
      "price": "0.32",
      "sequence": "5522259490125825",
      "side": "buy",
      "size": "1",
      "symbol": "PNDR-USDT",
      "takerOrderId": "673db32057d3360007e655f3",
      "time": "1732096800187000000",
      "tradeId": "5522259490125825",
      "type": "match",
      "time_before_que.put": "10:00:00.232",
      "seconds_from_release": 0.23219,
      "time_after_queue.get": "10:00:00.232"
    }
  },
  {
    "topic": "/market/match:PNDR-USDT",
    "type": "message",
    "subject": "trade.l3match",
    "data": {
      "makerOrderId": "673da8b72ab0100007efac49",
      "price": "0.32",
      "sequence": "5522259491174401",
      "side": "buy",
      "size": "1",
      "symbol": "PNDR-USDT",
      "takerOrderId": "673db32057d3360007e655f8",
      "time": "1732096800189000000",
      "tradeId": "5522259491174401",
      "type": "match",
      "time_before_que.put": "10:00:00.236",
      "seconds_from_release": 0.236251,
      "time_after_queue.get": "10:00:00.236"
    }
  },
  {
    "topic": "/market/match:PNDR-USDT",
    "type": "message",
    "subject": "trade.l3match",
    "data": {
      "makerOrderId": "673da8b72ab0100007efac49",
      "price": "0.32",
      "sequence": "5522259499169793",
      "side": "buy",
      "size": "1",
      "symbol": "PNDR-USDT",
      "takerOrderId": "673db320c95c3100077515c9",
      "time": "1732096800207000000",
      "tradeId": "5522259499169793",
      "type": "match",
      "time_before_que.put": "10:00:00.253",
      "seconds_from_release": 0.253451,
      "time_after_queue.get": "10:00:00.254"
    }
  },
  {
    "topic": "/market/match:PNDR-USDT",
    "type": "message",
    "subject": "trade.l3match",
    "data": {
      "makerOrderId": "673da8b72ab0100007efac49",
      "price": "0.32",
      "sequence": "5522259502708737",
      "side": "buy",
      "size": "1",
      "symbol": "PNDR-USDT",
      "takerOrderId": "673db3203cda650007c16454",
      "time": "1732096800217000000",
      "tradeId": "5522259502708737",
      "type": "match",
      "time_before_que.put": "10:00:00.268",
      "seconds_from_release": 0.268896,
      "time_after_queue.get": "10:00:00.269"
    }
  },
  {
    "topic": "/market/match:PNDR-USDT",
    "type": "message",
    "subject": "trade.l3match",
    "data": {
      "makerOrderId": "673da8b72ab0100007efac49",
      "price": "0.32",
      "sequence": "5522259505723393",
      "side": "buy",
      "size": "1",
      "symbol": "PNDR-USDT",
      "takerOrderId": "673db32054d62a00073f874e",
      "time": "1732096800225000000",
      "tradeId": "5522259505723393",
      "type": "match",
      "time_before_que.put": "10:00:00.273",
      "seconds_from_release": 0.273363,
      "time_after_queue.get": "10:00:00.273"
    }
  },
  {
    "topic": "/market/match:PNDR-USDT",
    "type": "message",
    "subject": "trade.l3match",
    "data": {
      "makerOrderId": "673da8b72ab0100007efac49",
      "price": "0.32",
      "sequence": "5522259507427329",
      "side": "buy",
      "size": "1",
      "symbol": "PNDR-USDT",
      "takerOrderId": "673db32057d3360007e656a1",
      "time": "1732096800228000000",
      "tradeId": "5522259507427329",
      "type": "match",
      "time_before_que.put": "10:00:00.273",
      "seconds_from_release": 0.273689,
      "time_after_queue.get": "10:00:00.273"
    }
  },
  {
    "topic": "/market/match:PNDR-USDT",
    "type": "message",
    "subject": "trade.l3match",
    "data": {
      "makerOrderId": "673da8b72ab0100007efac49",
      "price": "0.32",
      "sequence": "5522259509393409",
      "side": "buy",
      "size": "1",
      "symbol": "PNDR-USDT",
      "takerOrderId": "673db320adc212000741d079",
      "time": "1732096800232000000",
      "tradeId": "5522259509393409",
      "type": "match",
      "time_before_que.put": "10:00:00.279",
      "seconds_from_release": 0.279399,
      "time_after_queue.get": "10:00:00.279"
    }
  },
  {
    "topic": "/market/match:PNDR-USDT",
    "type": "message",
    "subject": "trade.l3match",
    "data": {
      "makerOrderId": "673da8b72ab0100007efac49",
      "price": "0.32",
      "sequence": "5522259509655553",
      "side": "buy",
      "size": "1",
      "symbol": "PNDR-USDT",
      "takerOrderId": "673db320ae43c40007ff4531",
      "time": "1732096800232000000",
      "tradeId": "5522259509655553",
      "type": "match",
      "time_before_que.put": "10:00:00.279",
      "seconds_from_release": 0.279847,
      "time_after_queue.get": "10:00:00.279"
    }
  },
  {
    "topic": "/market/match:PNDR-USDT",
    "type": "message",
    "subject": "trade.l3match",
    "data": {
      "makerOrderId": "673da8b72ab0100007efac49",
      "price": "0.32",
      "sequence": "5522259510310913",
      "side": "buy",
      "size": "1",
      "symbol": "PNDR-USDT",
      "takerOrderId": "673db320392ff7000729720c",
      "time": "1732096800235000000",
      "tradeId": "5522259510310913",
      "type": "match",
      "time_before_que.put": "10:00:00.279",
      "seconds_from_release": 0.279972,
      "time_after_queue.get": "10:00:00.280"
    }
  },
  {
    "topic": "/market/match:PNDR-USDT",
    "type": "message",
    "subject": "trade.l3match",
    "data": {
      "makerOrderId": "673da8b72ab0100007efac49",
      "price": "0.32",
      "sequence": "5522259512408065",
      "side": "buy",
      "size": "1",
      "symbol": "PNDR-USDT",
      "takerOrderId": "673db3203cda650007c16491",
      "time": "1732096800241000000",
      "tradeId": "5522259512408065",
      "type": "match",
      "time_before_que.put": "10:00:00.288",
      "seconds_from_release": 0.288952,
      "time_after_queue.get": "10:00:00.289"
    }
  },
  {
    "topic": "/market/match:PNDR-USDT",
    "type": "message",
    "subject": "trade.l3match",
    "data": {
      "makerOrderId": "673da8b72ab0100007efac49",
      "price": "0.32",
      "sequence": "5522259514505217",
      "side": "buy",
      "size": "185",
      "symbol": "PNDR-USDT",
      "takerOrderId": "673db320adc212000741d057",
      "time": "1732096800247000000",
      "tradeId": "5522259514505217",
      "type": "match",
      "time_before_que.put": "10:00:00.294",
      "seconds_from_release": 0.294561,
      "time_after_queue.get": "10:00:00.294"
    }
  },
  {
    "topic": "/market/match:PNDR-USDT",
    "type": "message",
    "subject": "trade.l3match",
    "data": {
      "makerOrderId": "673da8b72ab0100007efac49",
      "price": "0.32",
      "sequence": "5522259516340225",
      "side": "buy",
      "size": "1",
      "symbol": "PNDR-USDT",
      "takerOrderId": "673db320429d8b0007a8cdae",
      "time": "1732096800252000000",
      "tradeId": "5522259516340225",
      "type": "match",
      "time_before_que.put": "10:00:00.294",
      "seconds_from_release": 0.294878,
      "time_after_queue.get": "10:00:00.295"
    }
  },
  {
    "topic": "/market/match:PNDR-USDT",
    "type": "message",
    "subject": "trade.l3match",
    "data": {
      "makerOrderId": "673da8b72ab0100007efac49",
      "price": "0.32",
      "sequence": "5522259518175233",
      "side": "buy",
      "size": "1",
      "symbol": "PNDR-USDT",
      "takerOrderId": "673db3204bcca600078b69e8",
      "time": "1732096800262000000",
      "tradeId": "5522259518175233",
      "type": "match",
      "time_before_que.put": "10:00:00.312",
      "seconds_from_release": 0.312509,
      "time_after_queue.get": "10:00:00.312"
    }
  },
  {
    "topic": "/market/match:PNDR-USDT",
    "type": "message",
    "subject": "trade.l3match",
    "data": {
      "makerOrderId": "673da8b72ab0100007efac49",
      "price": "0.32",
      "sequence": "5522259518306305",
      "side": "buy",
      "size": "1",
      "symbol": "PNDR-USDT",
      "takerOrderId": "673db320c95c3100077516bc",
      "time": "1732096800262000000",
      "tradeId": "5522259518306305",
      "type": "match",
      "time_before_que.put": "10:00:00.312",
      "seconds_from_release": 0.312687,
      "time_after_queue.get": "10:00:00.312"
    }
  },
  {
    "topic": "/market/match:PNDR-USDT",
    "type": "message",
    "subject": "trade.l3match",
    "data": {
      "makerOrderId": "673da8b72ab0100007efac49",
      "price": "0.32",
      "sequence": "5522259522369537",
      "side": "buy",
      "size": "1",
      "symbol": "PNDR-USDT",
      "takerOrderId": "673db32054d62a00073f87fd",
      "time": "1732096800274000000",
      "tradeId": "5522259522369537",
      "type": "match",
      "time_before_que.put": "10:00:00.316",
      "seconds_from_release": 0.316997,
      "time_after_queue.get": "10:00:00.317"
    }
  },
  {
    "topic": "/market/match:PNDR-USDT",
    "type": "message",
    "subject": "trade.l3match",
    "data": {
      "makerOrderId": "673da8b72ab0100007efac49",
      "price": "0.32",
      "sequence": "5522259524073473",
      "side": "buy",
      "size": "1",
      "symbol": "PNDR-USDT",
      "takerOrderId": "673db320429d8b0007a8cdab",
      "time": "1732096800278000000",
      "tradeId": "5522259524073473",
      "type": "match",
      "time_before_que.put": "10:00:00.326",
      "seconds_from_release": 0.32635,
      "time_after_queue.get": "10:00:00.326"
    }
  },
  {
    "topic": "/market/match:PNDR-USDT",
    "type": "message",
    "subject": "trade.l3match",
    "data": {
      "makerOrderId": "673da8b72ab0100007efac49",
      "price": "0.32",
      "sequence": "5522259525908481",
      "side": "buy",
      "size": "1",
      "symbol": "PNDR-USDT",
      "takerOrderId": "673db3203cda650007c1652d",
      "time": "1732096800280000000",
      "tradeId": "5522259525908481",
      "type": "match",
      "time_before_que.put": "10:00:00.326",
      "seconds_from_release": 0.326664,
      "time_after_queue.get": "10:00:00.326"
    }
  },
  {
    "topic": "/market/match:PNDR-USDT",
    "type": "message",
    "subject": "trade.l3match",
    "data": {
      "makerOrderId": "673da8b72ab0100007efac49",
      "price": "0.32",
      "sequence": "5522259526957057",
      "side": "buy",
      "size": "1",
      "symbol": "PNDR-USDT",
      "takerOrderId": "673db320c95c3100077516fd",
      "time": "1732096800284000000",
      "tradeId": "5522259526957057",
      "type": "match",
      "time_before_que.put": "10:00:00.332",
      "seconds_from_release": 0.332527,
      "time_after_queue.get": "10:00:00.332"
    }
  },
  {
    "topic": "/market/match:PNDR-USDT",
    "type": "message",
    "subject": "trade.l3match",
    "data": {
      "makerOrderId": "673da8b72ab0100007efac49",
      "price": "0.32",
      "sequence": "5522259530758145",
      "side": "buy",
      "size": "1",
      "symbol": "PNDR-USDT",
      "takerOrderId": "673db320ae43c40007ff4618",
      "time": "1732096800296000000",
      "tradeId": "5522259530758145",
      "type": "match",
      "time_before_que.put": "10:00:00.343",
      "seconds_from_release": 0.343121,
      "time_after_queue.get": "10:00:00.343"
    }
  },
  {
    "topic": "/market/match:PNDR-USDT",
    "type": "message",
    "subject": "trade.l3match",
    "data": {
      "makerOrderId": "673da8b72ab0100007efac49",
      "price": "0.32",
      "sequence": "5522259531020289",
      "side": "buy",
      "size": "2475",
      "symbol": "PNDR-USDT",
      "takerOrderId": "673db3202863ce0007cf53fb",
      "time": "1732096800297000000",
      "tradeId": "5522259531020289",
      "type": "match",
      "time_before_que.put": "10:00:00.343",
      "seconds_from_release": 0.343564,
      "time_after_queue.get": "10:00:00.343"
    }
  },
  {
    "topic": "/market/match:PNDR-USDT",
    "type": "message",
    "subject": "trade.l3match",
    "data": {
      "makerOrderId": "673da8b72ab0100007efac49",
      "price": "0.32",
      "sequence": "5522259531937793",
      "side": "buy",
      "size": "1",
      "symbol": "PNDR-USDT",
      "takerOrderId": "673db32054d62a00073f884c",
      "time": "1732096800300000000",
      "tradeId": "5522259531937793",
      "type": "match",
      "time_before_que.put": "10:00:00.343",
      "seconds_from_release": 0.343731,
      "time_after_queue.get": "10:00:00.343"
    }
  },
  {
    "topic": "/market/match:PNDR-USDT",
    "type": "message",
    "subject": "trade.l3match",
    "data": {
      "makerOrderId": "673da8b72ab0100007efac49",
      "price": "0.32",
      "sequence": "5522259532199937",
      "side": "buy",
      "size": "70",
      "symbol": "PNDR-USDT",
      "takerOrderId": "673db3203cda650007c16527",
      "time": "1732096800302000000",
      "tradeId": "5522259532199937",
      "type": "match",
      "time_before_que.put": "10:00:00.343",
      "seconds_from_release": 0.343913,
      "time_after_queue.get": "10:00:00.344"
    }
  },
  {
    "topic": "/market/match:PNDR-USDT",
    "type": "message",
    "subject": "trade.l3match",
    "data": {
      "makerOrderId": "673da8b72ab0100007efac49",
      "price": "0.32",
      "sequence": "5522259535476737",
      "side": "buy",
      "size": "1",
      "symbol": "PNDR-USDT",
      "takerOrderId": "673db320adc212000741d17f",
      "time": "1732096800314000000",
      "tradeId": "5522259535476737",
      "type": "match",
      "time_before_que.put": "10:00:00.362",
      "seconds_from_release": 0.362778,
      "time_after_queue.get": "10:00:00.363"
    }
  },
  {
    "topic": "/market/match:PNDR-USDT",
    "type": "message",
    "subject": "trade.l3match",
    "data": {
      "makerOrderId": "673da8b72ab0100007efac49",
      "price": "0.32",
      "sequence": "5522259535869953",
      "side": "buy",
      "size": "1",
      "symbol": "PNDR-USDT",
      "takerOrderId": "673db32057d3360007e657c9",
      "time": "1732096800316000000",
      "tradeId": "5522259535869953",
      "type": "match",
      "time_before_que.put": "10:00:00.363",
      "seconds_from_release": 0.363186,
      "time_after_queue.get": "10:00:00.363"
    }
  },
  {
    "topic": "/market/match:PNDR-USDT",
    "type": "message",
    "subject": "trade.l3match",
    "data": {
      "makerOrderId": "673da8b72ab0100007efac49",
      "price": "0.32",
      "sequence": "5522259536001025",
      "side": "buy",
      "size": "1",
      "symbol": "PNDR-USDT",
      "takerOrderId": "673db320ae43c40007ff4668",
      "time": "1732096800316000000",
      "tradeId": "5522259536001025",
      "type": "match",
      "time_before_que.put": "10:00:00.363",
      "seconds_from_release": 0.363461,
      "time_after_queue.get": "10:00:00.363"
    }
  },
  {
    "topic": "/market/match:PNDR-USDT",
    "type": "message",
    "subject": "trade.l3match",
    "data": {
      "makerOrderId": "673da8b72ab0100007efac49",
      "price": "0.32",
      "sequence": "5522259537836033",
      "side": "buy",
      "size": "1",
      "symbol": "PNDR-USDT",
      "takerOrderId": "673db3204bcca600078b6ac0",
      "time": "1732096800324000000",
      "tradeId": "5522259537836033",
      "type": "match",
      "time_before_que.put": "10:00:00.370",
      "seconds_from_release": 0.370266,
      "time_after_queue.get": "10:00:00.370"
    }
  },
  {
    "topic": "/market/match:PNDR-USDT",
    "type": "message",
    "subject": "trade.l3match",
    "data": {
      "makerOrderId": "673da8b72ab0100007efac49",
      "price": "0.32",
      "sequence": "5522259540850689",
      "side": "buy",
      "size": "1",
      "symbol": "PNDR-USDT",
      "takerOrderId": "673db32098326e00070b2e67",
      "time": "1732096800334000000",
      "tradeId": "5522259540850689",
      "type": "match",
      "time_before_que.put": "10:00:00.384",
      "seconds_from_release": 0.38451,
      "time_after_queue.get": "10:00:00.385"
    }
  },
  {
    "topic": "/market/match:PNDR-USDT",
    "type": "message",
    "subject": "trade.l3match",
    "data": {
      "makerOrderId": "673da8b72ab0100007efac49",
      "price": "0.32",
      "sequence": "5522259541506049",
      "side": "buy",
      "size": "1",
      "symbol": "PNDR-USDT",
      "takerOrderId": "673db320429d8b0007a8cef4",
      "time": "1732096800337000000",
      "tradeId": "5522259541506049",
      "type": "match",
      "time_before_que.put": "10:00:00.384",
      "seconds_from_release": 0.384826,
      "time_after_queue.get": "10:00:00.385"
    }
  },
  {
    "topic": "/market/match:PNDR-USDT",
    "type": "message",
    "subject": "trade.l3match",
    "data": {
      "makerOrderId": "673da8b72ab0100007efac49",
      "price": "0.32",
      "sequence": "5522259541768193",
      "side": "buy",
      "size": "1",
      "symbol": "PNDR-USDT",
      "takerOrderId": "673db320adc212000741d1bd",
      "time": "1732096800339000000",
      "tradeId": "5522259541768193",
      "type": "match",
      "time_before_que.put": "10:00:00.385",
      "seconds_from_release": 0.385043,
      "time_after_queue.get": "10:00:00.385"
    }
  },
  {
    "topic": "/market/match:PNDR-USDT",
    "type": "message",
    "subject": "trade.l3match",
    "data": {
      "makerOrderId": "673da8b72ab0100007efac49",
      "price": "0.32",
      "sequence": "5522259550025729",
      "side": "buy",
      "size": "1",
      "symbol": "PNDR-USDT",
      "takerOrderId": "673db320355a360007da27cc",
      "time": "1732096800353000000",
      "tradeId": "5522259550025729",
      "type": "match",
      "time_before_que.put": "10:00:00.400",
      "seconds_from_release": 0.400187,
      "time_after_queue.get": "10:00:00.400"
    }
  },
  {
    "topic": "/market/match:PNDR-USDT",
    "type": "message",
    "subject": "trade.l3match",
    "data": {
      "makerOrderId": "673da8b72ab0100007efac49",
      "price": "0.32",
      "sequence": "5522259552778241",
      "side": "buy",
      "size": "1",
      "symbol": "PNDR-USDT",
      "takerOrderId": "673db320d181be0007dd1aef",
      "time": "1732096800355000000",
      "tradeId": "5522259552778241",
      "type": "match",
      "time_before_que.put": "10:00:00.400",
      "seconds_from_release": 0.40047,
      "time_after_queue.get": "10:00:00.400"
    }
  },
  {
    "topic": "/market/match:PNDR-USDT",
    "type": "message",
    "subject": "trade.l3match",
    "data": {
      "makerOrderId": "673da8b72ab0100007efac49",
      "price": "0.32",
      "sequence": "5522259552909313",
      "side": "buy",
      "size": "1",
      "symbol": "PNDR-USDT",
      "takerOrderId": "673db3202ab01000071fd2b5",
      "time": "1732096800355000000",
      "tradeId": "5522259552909313",
      "type": "match",
      "time_before_que.put": "10:00:00.400",
      "seconds_from_release": 0.400664,
      "time_after_queue.get": "10:00:00.400"
    }
  },
  {
    "topic": "/market/match:PNDR-USDT",
    "type": "message",
    "subject": "trade.l3match",
    "data": {
      "makerOrderId": "673da8b72ab0100007efac49",
      "price": "0.32",
      "sequence": "5522259553040385",
      "side": "buy",
      "size": "1",
      "symbol": "PNDR-USDT",
      "takerOrderId": "673db320355a360007da27d5",
      "time": "1732096800355000000",
      "tradeId": "5522259553040385",
      "type": "match",
      "time_before_que.put": "10:00:00.400",
      "seconds_from_release": 0.400927,
      "time_after_queue.get": "10:00:00.401"
    }
  },
  {
    "topic": "/market/match:PNDR-USDT",
    "type": "message",
    "subject": "trade.l3match",
    "data": {
      "makerOrderId": "673da8b72ab0100007efac49",
      "price": "0.32",
      "sequence": "5522259553695745",
      "side": "buy",
      "size": "1",
      "symbol": "PNDR-USDT",
      "takerOrderId": "673db320ab0f0a0007072d26",
      "time": "1732096800357000000",
      "tradeId": "5522259553695745",
      "type": "match",
      "time_before_que.put": "10:00:00.404",
      "seconds_from_release": 0.404961,
      "time_after_queue.get": "10:00:00.405"
    }
  },
  {
    "topic": "/market/match:PNDR-USDT",
    "type": "message",
    "subject": "trade.l3match",
    "data": {
      "makerOrderId": "673da8b72ab0100007efac49",
      "price": "0.32",
      "sequence": "5522259562739713",
      "side": "buy",
      "size": "1",
      "symbol": "PNDR-USDT",
      "takerOrderId": "673db320ae43c40007ff475c",
      "time": "1732096800374000000",
      "tradeId": "5522259562739713",
      "type": "match",
      "time_before_que.put": "10:00:00.422",
      "seconds_from_release": 0.422457,
      "time_after_queue.get": "10:00:00.422"
    }
  },
  {
    "topic": "/market/match:PNDR-USDT",
    "type": "message",
    "subject": "trade.l3match",
    "data": {
      "makerOrderId": "673da8b72ab0100007efac49",
      "price": "0.32",
      "sequence": "5522259565361153",
      "side": "buy",
      "size": "1",
      "symbol": "PNDR-USDT",
      "takerOrderId": "673db32054d62a00073f89a3",
      "time": "1732096800378000000",
      "tradeId": "5522259565361153",
      "type": "match",
      "time_before_que.put": "10:00:00.422",
      "seconds_from_release": 0.422636,
      "time_after_queue.get": "10:00:00.422"
    }
  },
  {
    "topic": "/market/match:PNDR-USDT",
    "type": "message",
    "subject": "trade.l3match",
    "data": {
      "makerOrderId": "673da8b72ab0100007efac49",
      "price": "0.32",
      "sequence": "5522259566409729",
      "side": "buy",
      "size": "1",
      "symbol": "PNDR-USDT",
      "takerOrderId": "673db320355a360007da286c",
      "time": "1732096800381000000",
      "tradeId": "5522259566409729",
      "type": "match",
      "time_before_que.put": "10:00:00.427",
      "seconds_from_release": 0.427958,
      "time_after_queue.get": "10:00:00.428"
    }
  },
  {
    "topic": "/market/match:PNDR-USDT",
    "type": "message",
    "subject": "trade.l3match",
    "data": {
      "makerOrderId": "673da8b72ab0100007efac49",
      "price": "0.32",
      "sequence": "5522259567196161",
      "side": "buy",
      "size": "1",
      "symbol": "PNDR-USDT",
      "takerOrderId": "673db320adc212000741d2a2",
      "time": "1732096800382000000",
      "tradeId": "5522259567196161",
      "type": "match",
      "time_before_que.put": "10:00:00.428",
      "seconds_from_release": 0.428739,
      "time_after_queue.get": "10:00:00.428"
    }
  },
  {
    "topic": "/market/match:PNDR-USDT",
    "type": "message",
    "subject": "trade.l3match",
    "data": {
      "makerOrderId": "673da8b72ab0100007efac49",
      "price": "0.32",
      "sequence": "5522259568769025",
      "side": "buy",
      "size": "1",
      "symbol": "PNDR-USDT",
      "takerOrderId": "673db320858fce000750ae66",
      "time": "1732096800385000000",
      "tradeId": "5522259568769025",
      "type": "match",
      "time_before_que.put": "10:00:00.428",
      "seconds_from_release": 0.428967,
      "time_after_queue.get": "10:00:00.429"
    }
  },
  {
    "topic": "/market/match:PNDR-USDT",
    "type": "message",
    "subject": "trade.l3match",
    "data": {
      "makerOrderId": "673da8b72ab0100007efac49",
      "price": "0.32",
      "sequence": "5522259575453697",
      "side": "buy",
      "size": "1",
      "symbol": "PNDR-USDT",
      "takerOrderId": "673db320fc902200075c118a",
      "time": "1732096800395000000",
      "tradeId": "5522259575453697",
      "type": "match",
      "time_before_que.put": "10:00:00.439",
      "seconds_from_release": 0.439282,
      "time_after_queue.get": "10:00:00.439"
    }
  },
  {
    "topic": "/market/match:PNDR-USDT",
    "type": "message",
    "subject": "trade.l3match",
    "data": {
      "makerOrderId": "673da8b72ab0100007efac49",
      "price": "0.32",
      "sequence": "5522259577288705",
      "side": "buy",
      "size": "1",
      "symbol": "PNDR-USDT",
      "takerOrderId": "673db320fc902200075c119a",
      "time": "1732096800397000000",
      "tradeId": "5522259577288705",
      "type": "match",
      "time_before_que.put": "10:00:00.439",
      "seconds_from_release": 0.439424,
      "time_after_queue.get": "10:00:00.439"
    }
  },
  {
    "topic": "/market/match:PNDR-USDT",
    "type": "message",
    "subject": "trade.l3match",
    "data": {
      "makerOrderId": "673da8b72ab0100007efac49",
      "price": "0.32",
      "sequence": "5522259577812993",
      "side": "buy",
      "size": "1",
      "symbol": "PNDR-USDT",
      "takerOrderId": "673db320429d8b0007a8d029",
      "time": "1732096800399000000",
      "tradeId": "5522259577812993",
      "type": "match",
      "time_before_que.put": "10:00:00.445",
      "seconds_from_release": 0.44533,
      "time_after_queue.get": "10:00:00.445"
    }
  },
  {
    "topic": "/market/match:PNDR-USDT",
    "type": "message",
    "subject": "trade.l3match",
    "data": {
      "makerOrderId": "673da8b72ab0100007efac49",
      "price": "0.32",
      "sequence": "5522259579254785",
      "side": "buy",
      "size": "1",
      "symbol": "PNDR-USDT",
      "takerOrderId": "673db3201d47600007e20c5b",
      "time": "1732096800403000000",
      "tradeId": "5522259579254785",
      "type": "match",
      "time_before_que.put": "10:00:00.454",
      "seconds_from_release": 0.454928,
      "time_after_queue.get": "10:00:00.455"
    }
  },
  {
    "topic": "/market/match:PNDR-USDT",
    "type": "message",
    "subject": "trade.l3match",
    "data": {
      "makerOrderId": "673da8b72ab0100007efac49",
      "price": "0.32",
      "sequence": "5522259583055873",
      "side": "buy",
      "size": "1",
      "symbol": "PNDR-USDT",
      "takerOrderId": "673db320392ff70007297483",
      "time": "1732096800409000000",
      "tradeId": "5522259583055873",
      "type": "match",
      "time_before_que.put": "10:00:00.459",
      "seconds_from_release": 0.45912,
      "time_after_queue.get": "10:00:00.459"
    }
  },
  {
    "topic": "/market/match:PNDR-USDT",
    "type": "message",
    "subject": "trade.l3match",
    "data": {
      "makerOrderId": "673da8b72ab0100007efac49",
      "price": "0.32",
      "sequence": "5522259584628737",
      "side": "buy",
      "size": "1",
      "symbol": "PNDR-USDT",
      "takerOrderId": "673db320cf1a87000731da32",
      "time": "1732096800412000000",
      "tradeId": "5522259584628737",
      "type": "match",
      "time_before_que.put": "10:00:00.459",
      "seconds_from_release": 0.459322,
      "time_after_queue.get": "10:00:00.459"
    }
  },
  {
    "topic": "/market/match:PNDR-USDT",
    "type": "message",
    "subject": "trade.l3match",
    "data": {
      "makerOrderId": "673da8b72ab0100007efac49",
      "price": "0.32",
      "sequence": "5522259584759809",
      "side": "buy",
      "size": "1",
      "symbol": "PNDR-USDT",
      "takerOrderId": "673db32057d3360007e6594f",
      "time": "1732096800412000000",
      "tradeId": "5522259584759809",
      "type": "match",
      "time_before_que.put": "10:00:00.459",
      "seconds_from_release": 0.459465,
      "time_after_queue.get": "10:00:00.459"
    }
  },
  {
    "topic": "/market/match:PNDR-USDT",
    "type": "message",
    "subject": "trade.l3match",
    "data": {
      "makerOrderId": "673da8b72ab0100007efac49",
      "price": "0.32",
      "sequence": "5522259587905537",
      "side": "buy",
      "size": "1",
      "symbol": "PNDR-USDT",
      "takerOrderId": "673db320ab0f0a0007072e2b",
      "time": "1732096800414000000",
      "tradeId": "5522259587905537",
      "type": "match",
      "time_before_que.put": "10:00:00.459",
      "seconds_from_release": 0.459598,
      "time_after_queue.get": "10:00:00.459"
    }
  },
  {
    "topic": "/market/match:PNDR-USDT",
    "type": "message",
    "subject": "trade.l3match",
    "data": {
      "makerOrderId": "673da8b72ab0100007efac49",
      "price": "0.32",
      "sequence": "5522259593017345",
      "side": "buy",
      "size": "1",
      "symbol": "PNDR-USDT",
      "takerOrderId": "673db3201d47600007e20cad",
      "time": "1732096800420000000",
      "tradeId": "5522259593017345",
      "type": "match",
      "time_before_que.put": "10:00:00.467",
      "seconds_from_release": 0.467721,
      "time_after_queue.get": "10:00:00.468"
    }
  },
  {
    "topic": "/market/match:PNDR-USDT",
    "type": "message",
    "subject": "trade.l3match",
    "data": {
      "makerOrderId": "673da8b72ab0100007efac49",
      "price": "0.32",
      "sequence": "5522259596687361",
      "side": "buy",
      "size": "1",
      "symbol": "PNDR-USDT",
      "takerOrderId": "673db320355a360007da2926",
      "time": "1732096800427000000",
      "tradeId": "5522259596687361",
      "type": "match",
      "time_before_que.put": "10:00:00.476",
      "seconds_from_release": 0.476134,
      "time_after_queue.get": "10:00:00.476"
    }
  },
  {
    "topic": "/market/match:PNDR-USDT",
    "type": "message",
    "subject": "trade.l3match",
    "data": {
      "makerOrderId": "673da8b72ab0100007efac49",
      "price": "0.32",
      "sequence": "5522259598260225",
      "side": "buy",
      "size": "1",
      "symbol": "PNDR-USDT",
      "takerOrderId": "673db320adc212000741d353",
      "time": "1732096800430000000",
      "tradeId": "5522259598260225",
      "type": "match",
      "time_before_que.put": "10:00:00.476",
      "seconds_from_release": 0.476328,
      "time_after_queue.get": "10:00:00.476"
    }
  },
  {
    "topic": "/market/match:PNDR-USDT",
    "type": "message",
    "subject": "trade.l3match",
    "data": {
      "makerOrderId": "673da8b72ab0100007efac49",
      "price": "0.32",
      "sequence": "5522259602192385",
      "side": "buy",
      "size": "1",
      "symbol": "PNDR-USDT",
      "takerOrderId": "673db3204bcca600078b6c9e",
      "time": "1732096800436000000",
      "tradeId": "5522259602192385",
      "type": "match",
      "time_before_que.put": "10:00:00.482",
      "seconds_from_release": 0.482276,
      "time_after_queue.get": "10:00:00.482"
    }
  },
  {
    "topic": "/market/match:PNDR-USDT",
    "type": "message",
    "subject": "trade.l3match",
    "data": {
      "makerOrderId": "673da8b72ab0100007efac49",
      "price": "0.32",
      "sequence": "5522259605338113",
      "side": "buy",
      "size": "1",
      "symbol": "PNDR-USDT",
      "takerOrderId": "673db320429d8b0007a8d0e5",
      "time": "1732096800442000000",
      "tradeId": "5522259605338113",
      "type": "match",
      "time_before_que.put": "10:00:00.489",
      "seconds_from_release": 0.48906,
      "time_after_queue.get": "10:00:00.489"
    }
  },
  {
    "topic": "/market/match:PNDR-USDT",
    "type": "message",
    "subject": "trade.l3match",
    "data": {
      "makerOrderId": "673da8b72ab0100007efac49",
      "price": "0.32",
      "sequence": "5522259606386689",
      "side": "buy",
      "size": "1",
      "symbol": "PNDR-USDT",
      "takerOrderId": "673db32054d62a00073f8aaa",
      "time": "1732096800447000000",
      "tradeId": "5522259606386689",
      "type": "match",
      "time_before_que.put": "10:00:00.489",
      "seconds_from_release": 0.489409,
      "time_after_queue.get": "10:00:00.489"
    }
  },
  {
    "topic": "/market/match:PNDR-USDT",
    "type": "message",
    "subject": "trade.l3match",
    "data": {
      "makerOrderId": "673da8b72ab0100007efac49",
      "price": "0.32",
      "sequence": "5522259608090625",
      "side": "buy",
      "size": "1",
      "symbol": "PNDR-USDT",
      "takerOrderId": "673db320355a360007da2993",
      "time": "1732096800450000000",
      "tradeId": "5522259608090625",
      "type": "match",
      "time_before_que.put": "10:00:00.494",
      "seconds_from_release": 0.494797,
      "time_after_queue.get": "10:00:00.494"
    }
  },
  {
    "topic": "/market/match:PNDR-USDT",
    "type": "message",
    "subject": "trade.l3match",
    "data": {
      "makerOrderId": "673da8b72ab0100007efac49",
      "price": "0.32",
      "sequence": "5522259613988865",
      "side": "buy",
      "size": "1",
      "symbol": "PNDR-USDT",
      "takerOrderId": "673db320c95c3100077519e0",
      "time": "1732096800466000000",
      "tradeId": "5522259613988865",
      "type": "match",
      "time_before_que.put": "10:00:00.514",
      "seconds_from_release": 0.51465,
      "time_after_queue.get": "10:00:00.514"
    }
  },
  {
    "topic": "/market/match:PNDR-USDT",
    "type": "message",
    "subject": "trade.l3match",
    "data": {
      "makerOrderId": "673da8b72ab0100007efac49",
      "price": "0.32",
      "sequence": "5522259615954945",
      "side": "buy",
      "size": "1",
      "symbol": "PNDR-USDT",
      "takerOrderId": "673db320355a360007da29ed",
      "time": "1732096800471000000",
      "tradeId": "5522259615954945",
      "type": "match",
      "time_before_que.put": "10:00:00.514",
      "seconds_from_release": 0.514855,
      "time_after_queue.get": "10:00:00.515"
    }
  },
  {
    "topic": "/market/match:PNDR-USDT",
    "type": "message",
    "subject": "trade.l3match",
    "data": {
      "makerOrderId": "673da8b72ab0100007efac49",
      "price": "0.32",
      "sequence": "5522259619756033",
      "side": "buy",
      "size": "1",
      "symbol": "PNDR-USDT",
      "takerOrderId": "673db3204bcca600078b6d5d",
      "time": "1732096800477000000",
      "tradeId": "5522259619756033",
      "type": "match",
      "time_before_que.put": "10:00:00.524",
      "seconds_from_release": 0.524824,
      "time_after_queue.get": "10:00:00.524"
    }
  },
  {
    "topic": "/market/match:PNDR-USDT",
    "type": "message",
    "subject": "trade.l3match",
    "data": {
      "makerOrderId": "673da8b72ab0100007efac49",
      "price": "0.32",
      "sequence": "5522259621591041",
      "side": "buy",
      "size": "1",
      "symbol": "PNDR-USDT",
      "takerOrderId": "673db3203cda650007c16867",
      "time": "1732096800482000000",
      "tradeId": "5522259621591041",
      "type": "match",
      "time_before_que.put": "10:00:00.524",
      "seconds_from_release": 0.524974,
      "time_after_queue.get": "10:00:00.525"
    }
  },
  {
    "topic": "/market/match:PNDR-USDT",
    "type": "message",
    "subject": "trade.l3match",
    "data": {
      "makerOrderId": "673da8b72ab0100007efac49",
      "price": "0.32",
      "sequence": "5522259622770689",
      "side": "buy",
      "size": "1",
      "symbol": "PNDR-USDT",
      "takerOrderId": "673db320c95c310007751a2f",
      "time": "1732096800484000000",
      "tradeId": "5522259622770689",
      "type": "match",
      "time_before_que.put": "10:00:00.533",
      "seconds_from_release": 0.533785,
      "time_after_queue.get": "10:00:00.534"
    }
  },
  {
    "topic": "/market/match:PNDR-USDT",
    "type": "message",
    "subject": "trade.l3match",
    "data": {
      "makerOrderId": "673da8b72ab0100007efac49",
      "price": "0.32",
      "sequence": "5522259626309633",
      "side": "buy",
      "size": "1",
      "symbol": "PNDR-USDT",
      "takerOrderId": "673db32057d3360007e65a9b",
      "time": "1732096800492000000",
      "tradeId": "5522259626309633",
      "type": "match",
      "time_before_que.put": "10:00:00.538",
      "seconds_from_release": 0.538533,
      "time_after_queue.get": "10:00:00.539"
    }
  },
  {
    "topic": "/market/match:PNDR-USDT",
    "type": "message",
    "subject": "trade.l3match",
    "data": {
      "makerOrderId": "673da8b72ab0100007efac49",
      "price": "0.32",
      "sequence": "5522259629324289",
      "side": "buy",
      "size": "1",
      "symbol": "PNDR-USDT",
      "takerOrderId": "673db320cf1a87000731dbbf",
      "time": "1732096800499000000",
      "tradeId": "5522259629324289",
      "type": "match",
      "time_before_que.put": "10:00:00.546",
      "seconds_from_release": 0.546477,
      "time_after_queue.get": "10:00:00.546"
    }
  },
  {
    "topic": "/market/match:PNDR-USDT",
    "type": "message",
    "subject": "trade.l3match",
    "data": {
      "makerOrderId": "673da8b72ab0100007efac49",
      "price": "0.32",
      "sequence": "5522259631421441",
      "side": "buy",
      "size": "1",
      "symbol": "PNDR-USDT",
      "takerOrderId": "673db3202ab01000071fd55a",
      "time": "1732096800509000000",
      "tradeId": "5522259631421441",
      "type": "match",
      "time_before_que.put": "10:00:00.556",
      "seconds_from_release": 0.556167,
      "time_after_queue.get": "10:00:00.556"
    }
  },
  {
    "topic": "/market/match:PNDR-USDT",
    "type": "message",
    "subject": "trade.l3match",
    "data": {
      "makerOrderId": "673da8b72ab0100007efac49",
      "price": "0.32",
      "sequence": "5522259631552513",
      "side": "buy",
      "size": "1",
      "symbol": "PNDR-USDT",
      "takerOrderId": "673db320429d8b0007a8d1fd",
      "time": "1732096800509000000",
      "tradeId": "5522259631552513",
      "type": "match",
      "time_before_que.put": "10:00:00.556",
      "seconds_from_release": 0.556581,
      "time_after_queue.get": "10:00:00.556"
    }
  },
  {
    "topic": "/market/match:PNDR-USDT",
    "type": "message",
    "subject": "trade.l3match",
    "data": {
      "makerOrderId": "673da8b72ab0100007efac49",
      "price": "0.32",
      "sequence": "5522259632207873",
      "side": "buy",
      "size": "1",
      "symbol": "PNDR-USDT",
      "takerOrderId": "673db3204bcca600078b6dcf",
      "time": "1732096800511000000",
      "tradeId": "5522259632207873",
      "type": "match",
      "time_before_que.put": "10:00:00.556",
      "seconds_from_release": 0.556802,
      "time_after_queue.get": "10:00:00.556"
    }
  },
  {
    "topic": "/market/match:PNDR-USDT",
    "type": "message",
    "subject": "trade.l3match",
    "data": {
      "makerOrderId": "673da8b72ab0100007efac49",
      "price": "0.32",
      "sequence": "5522259633518593",
      "side": "buy",
      "size": "1",
      "symbol": "PNDR-USDT",
      "takerOrderId": "673db320adc212000741d4a9",
      "time": "1732096800516000000",
      "tradeId": "5522259633518593",
      "type": "match",
      "time_before_que.put": "10:00:00.561",
      "seconds_from_release": 0.561017,
      "time_after_queue.get": "10:00:00.561"
    }
  },
  {
    "topic": "/market/match:PNDR-USDT",
    "type": "message",
    "subject": "trade.l3match",
    "data": {
      "makerOrderId": "673da8b72ab0100007efac49",
      "price": "0.32",
      "sequence": "5522259633649665",
      "side": "buy",
      "size": "1",
      "symbol": "PNDR-USDT",
      "takerOrderId": "673db32008e10c00079f8d55",
      "time": "1732096800516000000",
      "tradeId": "5522259633649665",
      "type": "match",
      "time_before_que.put": "10:00:00.561",
      "seconds_from_release": 0.561252,
      "time_after_queue.get": "10:00:00.561"
    }
  },
  {
    "topic": "/market/match:PNDR-USDT",
    "type": "message",
    "subject": "trade.l3match",
    "data": {
      "makerOrderId": "673da8b72ab0100007efac49",
      "price": "0.32",
      "sequence": "5522259637843969",
      "side": "buy",
      "size": "1",
      "symbol": "PNDR-USDT",
      "takerOrderId": "673db32098326e00070b3190",
      "time": "1732096800524000000",
      "tradeId": "5522259637843969",
      "type": "match",
      "time_before_que.put": "10:00:00.571",
      "seconds_from_release": 0.571901,
      "time_after_queue.get": "10:00:00.571"
    }
  },
  {
    "topic": "/market/match:PNDR-USDT",
    "type": "message",
    "subject": "trade.l3match",
    "data": {
      "makerOrderId": "673da8b72ab0100007efac49",
      "price": "0.32",
      "sequence": "5522259638761473",
      "side": "buy",
      "size": "1",
      "symbol": "PNDR-USDT",
      "takerOrderId": "673db320ab0f0a0007072fff",
      "time": "1732096800527000000",
      "tradeId": "5522259638761473",
      "type": "match",
      "time_before_que.put": "10:00:00.572",
      "seconds_from_release": 0.572035,
      "time_after_queue.get": "10:00:00.572"
    }
  },
  {
    "topic": "/market/match:PNDR-USDT",
    "type": "message",
    "subject": "trade.l3match",
    "data": {
      "makerOrderId": "673da8b72ab0100007efac49",
      "price": "0.32",
      "sequence": "5522259642038273",
      "side": "buy",
      "size": "1",
      "symbol": "PNDR-USDT",
      "takerOrderId": "673db320f53c5a00075668f3",
      "time": "1732096800535000000",
      "tradeId": "5522259642038273",
      "type": "match",
      "time_before_que.put": "10:00:00.582",
      "seconds_from_release": 0.582552,
      "time_after_queue.get": "10:00:00.583"
    }
  },
  {
    "topic": "/market/match:PNDR-USDT",
    "type": "message",
    "subject": "trade.l3match",
    "data": {
      "makerOrderId": "673da8b72ab0100007efac49",
      "price": "0.32",
      "sequence": "5522259643873281",
      "side": "buy",
      "size": "1",
      "symbol": "PNDR-USDT",
      "takerOrderId": "673db320d181be0007dd1e12",
      "time": "1732096800538000000",
      "tradeId": "5522259643873281",
      "type": "match",
      "time_before_que.put": "10:00:00.582",
      "seconds_from_release": 0.582959,
      "time_after_queue.get": "10:00:00.583"
    }
  },
  {
    "topic": "/market/match:PNDR-USDT",
    "type": "message",
    "subject": "trade.l3match",
    "data": {
      "makerOrderId": "673da8b72ab0100007efac49",
      "price": "0.32",
      "sequence": "5522259644135425",
      "side": "buy",
      "size": "1",
      "symbol": "PNDR-USDT",
      "takerOrderId": "673db320ae43c40007ff4a11",
      "time": "1732096800538000000",
      "tradeId": "5522259644135425",
      "type": "match",
      "time_before_que.put": "10:00:00.583",
      "seconds_from_release": 0.583208,
      "time_after_queue.get": "10:00:00.583"
    }
  },
  {
    "topic": "/market/match:PNDR-USDT",
    "type": "message",
    "subject": "trade.l3match",
    "data": {
      "makerOrderId": "673da8b72ab0100007efac49",
      "price": "0.32",
      "sequence": "5522259644921857",
      "side": "buy",
      "size": "1",
      "symbol": "PNDR-USDT",
      "takerOrderId": "673db320c95c310007751b06",
      "time": "1732096800541000000",
      "tradeId": "5522259644921857",
      "type": "match",
      "time_before_que.put": "10:00:00.588",
      "seconds_from_release": 0.58881,
      "time_after_queue.get": "10:00:00.589"
    }
  },
  {
    "topic": "/market/match:PNDR-USDT",
    "type": "message",
    "subject": "trade.l3match",
    "data": {
      "makerOrderId": "673da8b72ab0100007efac49",
      "price": "0.32",
      "sequence": "5522259650295809",
      "side": "buy",
      "size": "1",
      "symbol": "PNDR-USDT",
      "takerOrderId": "673db32008e10c00079f8de5",
      "time": "1732096800553000000",
      "tradeId": "5522259650295809",
      "type": "match",
      "time_before_que.put": "10:00:00.601",
      "seconds_from_release": 0.60118,
      "time_after_queue.get": "10:00:00.601"
    }
  },
  {
    "topic": "/market/match:PNDR-USDT",
    "type": "message",
    "subject": "trade.l3match",
    "data": {
      "makerOrderId": "673da8b72ab0100007efac49",
      "price": "0.32",
      "sequence": "5522259650426881",
      "side": "buy",
      "size": "1",
      "symbol": "PNDR-USDT",
      "takerOrderId": "673db3204bcca600078b6e74",
      "time": "1732096800553000000",
      "tradeId": "5522259650426881",
      "type": "match",
      "time_before_que.put": "10:00:00.601",
      "seconds_from_release": 0.601398,
      "time_after_queue.get": "10:00:00.601"
    }
  },
  {
    "topic": "/market/match:PNDR-USDT",
    "type": "message",
    "subject": "trade.l3match",
    "data": {
      "makerOrderId": "673da8b72ab0100007efac49",
      "price": "0.32",
      "sequence": "5522259650689025",
      "side": "buy",
      "size": "1",
      "symbol": "PNDR-USDT",
      "takerOrderId": "673db320adc212000741d54a",
      "time": "1732096800554000000",
      "tradeId": "5522259650689025",
      "type": "match",
      "time_before_que.put": "10:00:00.601",
      "seconds_from_release": 0.601583,
      "time_after_queue.get": "10:00:00.601"
    }
  },
  {
    "topic": "/market/match:PNDR-USDT",
    "type": "message",
    "subject": "trade.l3match",
    "data": {
      "makerOrderId": "673da8b72ab0100007efac49",
      "price": "0.32",
      "sequence": "5522259656194049",
      "side": "buy",
      "size": "1",
      "symbol": "PNDR-USDT",
      "takerOrderId": "673db320adc212000741d581",
      "time": "1732096800566000000",
      "tradeId": "5522259656194049",
      "type": "match",
      "time_before_que.put": "10:00:00.613",
      "seconds_from_release": 0.613306,
      "time_after_queue.get": "10:00:00.613"
    }
  },
  {
    "topic": "/market/match:PNDR-USDT",
    "type": "message",
    "subject": "trade.l3match",
    "data": {
      "makerOrderId": "673da8b72ab0100007efac49",
      "price": "0.32",
      "sequence": "5522259658553345",
      "side": "buy",
      "size": "1",
      "symbol": "PNDR-USDT",
      "takerOrderId": "673db320858fce000750b14f",
      "time": "1732096800568000000",
      "tradeId": "5522259658553345",
      "type": "match",
      "time_before_que.put": "10:00:00.613",
      "seconds_from_release": 0.613452,
      "time_after_queue.get": "10:00:00.613"
    }
  },
  {
    "topic": "/market/match:PNDR-USDT",
    "type": "message",
    "subject": "trade.l3match",
    "data": {
      "makerOrderId": "673da8b72ab0100007efac49",
      "price": "0.32",
      "sequence": "5522259660388353",
      "side": "buy",
      "size": "1",
      "symbol": "PNDR-USDT",
      "takerOrderId": "673db320858fce000750b15e",
      "time": "1732096800572000000",
      "tradeId": "5522259660388353",
      "type": "match",
      "time_before_que.put": "10:00:00.618",
      "seconds_from_release": 0.618504,
      "time_after_queue.get": "10:00:00.618"
    }
  },
  {
    "topic": "/market/match:PNDR-USDT",
    "type": "message",
    "subject": "trade.l3match",
    "data": {
      "makerOrderId": "673da8b72ab0100007efac49",
      "price": "0.32",
      "sequence": "5522259661961217",
      "side": "buy",
      "size": "1",
      "symbol": "PNDR-USDT",
      "takerOrderId": "673db320ae43c40007ff4aa4",
      "time": "1732096800575000000",
      "tradeId": "5522259661961217",
      "type": "match",
      "time_before_que.put": "10:00:00.618",
      "seconds_from_release": 0.618664,
      "time_after_queue.get": "10:00:00.618"
    }
  },
  {
    "topic": "/market/match:PNDR-USDT",
    "type": "message",
    "subject": "trade.l3match",
    "data": {
      "makerOrderId": "673da8b72ab0100007efac49",
      "price": "0.32",
      "sequence": "5522259666417665",
      "side": "buy",
      "size": "1",
      "symbol": "PNDR-USDT",
      "takerOrderId": "673db320858fce000750b1a5",
      "time": "1732096800585000000",
      "tradeId": "5522259666417665",
      "type": "match",
      "time_before_que.put": "10:00:00.630",
      "seconds_from_release": 0.630709,
      "time_after_queue.get": "10:00:00.631"
    }
  },
  {
    "topic": "/market/match:PNDR-USDT",
    "type": "message",
    "subject": "trade.l3match",
    "data": {
      "makerOrderId": "673da8b72ab0100007efac49",
      "price": "0.32",
      "sequence": "5522259666679809",
      "side": "buy",
      "size": "1",
      "symbol": "PNDR-USDT",
      "takerOrderId": "673db320fc902200075c14c5",
      "time": "1732096800585000000",
      "tradeId": "5522259666679809",
      "type": "match",
      "time_before_que.put": "10:00:00.630",
      "seconds_from_release": 0.630913,
      "time_after_queue.get": "10:00:00.631"
    }
  },
  {
    "topic": "/market/match:PNDR-USDT",
    "type": "message",
    "subject": "trade.l3match",
    "data": {
      "makerOrderId": "673da8b72ab0100007efac49",
      "price": "0.32",
      "sequence": "5522259668252673",
      "side": "buy",
      "size": "1",
      "symbol": "PNDR-USDT",
      "takerOrderId": "673db320fc902200075c14d3",
      "time": "1732096800588000000",
      "tradeId": "5522259668252673",
      "type": "match",
      "time_before_que.put": "10:00:00.631",
      "seconds_from_release": 0.631106,
      "time_after_queue.get": "10:00:00.631"
    }
  },
  {
    "topic": "/market/match:PNDR-USDT",
    "type": "message",
    "subject": "trade.l3match",
    "data": {
      "makerOrderId": "673da8b72ab0100007efac49",
      "price": "0.32",
      "sequence": "5522259671136257",
      "side": "buy",
      "size": "1",
      "symbol": "PNDR-USDT",
      "takerOrderId": "673db3203cda650007c16a2c",
      "time": "1732096800595000000",
      "tradeId": "5522259671136257",
      "type": "match",
      "time_before_que.put": "10:00:00.643",
      "seconds_from_release": 0.643759,
      "time_after_queue.get": "10:00:00.643"
    }
  },
  {
    "topic": "/market/match:PNDR-USDT",
    "type": "message",
    "subject": "trade.l3match",
    "data": {
      "makerOrderId": "673da8b72ab0100007efac49",
      "price": "0.32",
      "sequence": "5522259671267329",
      "side": "buy",
      "size": "1",
      "symbol": "PNDR-USDT",
      "takerOrderId": "673db320858fce000750b1cd",
      "time": "1732096800595000000",
      "tradeId": "5522259671267329",
      "type": "match",
      "time_before_que.put": "10:00:00.643",
      "seconds_from_release": 0.643965,
      "time_after_queue.get": "10:00:00.644"
    }
  },
  {
    "topic": "/market/match:PNDR-USDT",
    "type": "message",
    "subject": "trade.l3match",
    "data": {
      "makerOrderId": "673da8b72ab0100007efac49",
      "price": "0.32",
      "sequence": "5522259672053761",
      "side": "buy",
      "size": "1",
      "symbol": "PNDR-USDT",
      "takerOrderId": "673db320392ff7000729779a",
      "time": "1732096800597000000",
      "tradeId": "5522259672053761",
      "type": "match",
      "time_before_que.put": "10:00:00.644",
      "seconds_from_release": 0.644103,
      "time_after_queue.get": "10:00:00.644"
    }
  },
  {
    "topic": "/market/match:PNDR-USDT",
    "type": "message",
    "subject": "trade.l3match",
    "data": {
      "makerOrderId": "673db3203cda650007c16482",
      "price": "0.3185",
      "sequence": "5522259675592705",
      "side": "sell",
      "size": "1",
      "symbol": "PNDR-USDT",
      "takerOrderId": "673db32057d3360007e65c1a",
      "time": "1732096800608000000",
      "tradeId": "5522259675592705",
      "type": "match",
      "time_before_que.put": "10:00:00.655",
      "seconds_from_release": 0.655506,
      "time_after_queue.get": "10:00:00.656"
    }
  },
  {
    "topic": "/market/match:PNDR-USDT",
    "type": "message",
    "subject": "trade.l3match",
    "data": {
      "makerOrderId": "673db32054d62a00073f8cf5",
      "price": "0.3176",
      "sequence": "5522259675592708",
      "side": "sell",
      "size": "1",
      "symbol": "PNDR-USDT",
      "takerOrderId": "673db32057d3360007e65c1a",
      "time": "1732096800608000000",
      "tradeId": "5522259675592708",
      "type": "match",
      "time_before_que.put": "10:00:00.655",
      "seconds_from_release": 0.655835,
      "time_after_queue.get": "10:00:00.656"
    }
  },
  {
    "topic": "/market/match:PNDR-USDT",
    "type": "message",
    "subject": "trade.l3match",
    "data": {
      "makerOrderId": "673db320ae43c40007ff46e8",
      "price": "0.31",
      "sequence": "5522259675592711",
      "side": "sell",
      "size": "11",
      "symbol": "PNDR-USDT",
      "takerOrderId": "673db32057d3360007e65c1a",
      "time": "1732096800608000000",
      "tradeId": "5522259675592711",
      "type": "match",
      "time_before_que.put": "10:00:00.656",
      "seconds_from_release": 0.65608,
      "time_after_queue.get": "10:00:00.656"
    }
  },
  {
    "topic": "/market/match:PNDR-USDT",
    "type": "message",
    "subject": "trade.l3match",
    "data": {
      "makerOrderId": "673db320ab0f0a0007072fdf",
      "price": "0.31",
      "sequence": "5522259675592714",
      "side": "sell",
      "size": "11",
      "symbol": "PNDR-USDT",
      "takerOrderId": "673db32057d3360007e65c1a",
      "time": "1732096800608000000",
      "tradeId": "5522259675592714",
      "type": "match",
      "time_before_que.put": "10:00:00.656",
      "seconds_from_release": 0.656231,
      "time_after_queue.get": "10:00:00.656"
    }
  },
  {
    "topic": "/market/match:PNDR-USDT",
    "type": "message",
    "subject": "trade.l3match",
    "data": {
      "makerOrderId": "673db320392ff70007297741",
      "price": "0.31",
      "sequence": "5522259675592717",
      "side": "sell",
      "size": "11",
      "symbol": "PNDR-USDT",
      "takerOrderId": "673db32057d3360007e65c1a",
      "time": "1732096800608000000",
      "tradeId": "5522259675592717",
      "type": "match",
      "time_before_que.put": "10:00:00.656",
      "seconds_from_release": 0.65649,
      "time_after_queue.get": "10:00:00.656"
    }
  },
  {
    "topic": "/market/match:PNDR-USDT",
    "type": "message",
    "subject": "trade.l3match",
    "data": {
      "makerOrderId": "673db3203cda650007c1661b",
      "price": "0.3091",
      "sequence": "5522259675592720",
      "side": "sell",
      "size": "1",
      "symbol": "PNDR-USDT",
      "takerOrderId": "673db32057d3360007e65c1a",
      "time": "1732096800608000000",
      "tradeId": "5522259675592720",
      "type": "match",
      "time_before_que.put": "10:00:00.656",
      "seconds_from_release": 0.656628,
      "time_after_queue.get": "10:00:00.656"
    }
  },
  {
    "topic": "/market/match:PNDR-USDT",
    "type": "message",
    "subject": "trade.l3match",
    "data": {
      "makerOrderId": "673db3204bcca600078b6858",
      "price": "0.301",
      "sequence": "5522259675592723",
      "side": "sell",
      "size": "77.63",
      "symbol": "PNDR-USDT",
      "takerOrderId": "673db32057d3360007e65c1a",
      "time": "1732096800608000000",
      "tradeId": "5522259675592723",
      "type": "match",
      "time_before_que.put": "10:00:00.656",
      "seconds_from_release": 0.656788,
      "time_after_queue.get": "10:00:00.657"
    }
  },
  {
    "topic": "/market/match:PNDR-USDT",
    "type": "message",
    "subject": "trade.l3match",
    "data": {
      "makerOrderId": "673da8b72ab0100007efac49",
      "price": "0.32",
      "sequence": "5522259683325953",
      "side": "buy",
      "size": "1",
      "symbol": "PNDR-USDT",
      "takerOrderId": "673db32098326e00070b3374",
      "time": "1732096800636000000",
      "tradeId": "5522259683325953",
      "type": "match",
      "time_before_que.put": "10:00:00.679",
      "seconds_from_release": 0.679125,
      "time_after_queue.get": "10:00:00.679"
    }
  },
  {
    "topic": "/market/match:PNDR-USDT",
    "type": "message",
    "subject": "trade.l3match",
    "data": {
      "makerOrderId": "673da8b72ab0100007efac49",
      "price": "0.32",
      "sequence": "5522259683719169",
      "side": "buy",
      "size": "1",
      "symbol": "PNDR-USDT",
      "takerOrderId": "673db32054d62a00073f8dce",
      "time": "1732096800638000000",
      "tradeId": "5522259683719169",
      "type": "match",
      "time_before_que.put": "10:00:00.685",
      "seconds_from_release": 0.685986,
      "time_after_queue.get": "10:00:00.686"
    }
  },
  {
    "topic": "/market/match:PNDR-USDT",
    "type": "message",
    "subject": "trade.l3match",
    "data": {
      "makerOrderId": "673da8b72ab0100007efac49",
      "price": "0.32",
      "sequence": "5522259684243457",
      "side": "buy",
      "size": "1",
      "symbol": "PNDR-USDT",
      "takerOrderId": "673db320858fce000750b292",
      "time": "1732096800639000000",
      "tradeId": "5522259684243457",
      "type": "match",
      "time_before_que.put": "10:00:00.686",
      "seconds_from_release": 0.686392,
      "time_after_queue.get": "10:00:00.686"
    }
  },
  {
    "topic": "/market/match:PNDR-USDT",
    "type": "message",
    "subject": "trade.l3match",
    "data": {
      "makerOrderId": "673da8b72ab0100007efac49",
      "price": "0.32",
      "sequence": "5522259684374529",
      "side": "buy",
      "size": "1",
      "symbol": "PNDR-USDT",
      "takerOrderId": "673db32008e10c00079f8f72",
      "time": "1732096800639000000",
      "tradeId": "5522259684374529",
      "type": "match",
      "time_before_que.put": "10:00:00.686",
      "seconds_from_release": 0.686578,
      "time_after_queue.get": "10:00:00.686"
    }
  },
  {
    "topic": "/market/match:PNDR-USDT",
    "type": "message",
    "subject": "trade.l3match",
    "data": {
      "makerOrderId": "673da8b72ab0100007efac49",
      "price": "0.32",
      "sequence": "5522259684767745",
      "side": "buy",
      "size": "1",
      "symbol": "PNDR-USDT",
      "takerOrderId": "673db3204bcca600078b6fe1",
      "time": "1732096800640000000",
      "tradeId": "5522259684767745",
      "type": "match",
      "time_before_que.put": "10:00:00.686",
      "seconds_from_release": 0.686739,
      "time_after_queue.get": "10:00:00.686"
    }
  },
  {
    "topic": "/market/match:PNDR-USDT",
    "type": "message",
    "subject": "trade.l3match",
    "data": {
      "makerOrderId": "673da8b72ab0100007efac49",
      "price": "0.32",
      "sequence": "5522259684898817",
      "side": "buy",
      "size": "1",
      "symbol": "PNDR-USDT",
      "takerOrderId": "673db3201d47600007e21080",
      "time": "1732096800641000000",
      "tradeId": "5522259684898817",
      "type": "match",
      "time_before_que.put": "10:00:00.686",
      "seconds_from_release": 0.686913,
      "time_after_queue.get": "10:00:00.687"
    }
  },
  {
    "topic": "/market/match:PNDR-USDT",
    "type": "message",
    "subject": "trade.l3match",
    "data": {
      "makerOrderId": "673da8b72ab0100007efac49",
      "price": "0.32",
      "sequence": "5522259685816321",
      "side": "buy",
      "size": "1",
      "symbol": "PNDR-USDT",
      "takerOrderId": "673db3203cda650007c16af7",
      "time": "1732096800643000000",
      "tradeId": "5522259685816321",
      "type": "match",
      "time_before_que.put": "10:00:00.687",
      "seconds_from_release": 0.687042,
      "time_after_queue.get": "10:00:00.687"
    }
  },
  {
    "topic": "/market/match:PNDR-USDT",
    "type": "message",
    "subject": "trade.l3match",
    "data": {
      "makerOrderId": "673da8b72ab0100007efac49",
      "price": "0.32",
      "sequence": "5522259687258113",
      "side": "buy",
      "size": "1",
      "symbol": "PNDR-USDT",
      "takerOrderId": "673db320c95c310007751cb5",
      "time": "1732096800647000000",
      "tradeId": "5522259687258113",
      "type": "match",
      "time_before_que.put": "10:00:00.694",
      "seconds_from_release": 0.694558,
      "time_after_queue.get": "10:00:00.694"
    }
  },
  {
    "topic": "/market/match:PNDR-USDT",
    "type": "message",
    "subject": "trade.l3match",
    "data": {
      "makerOrderId": "673da8b72ab0100007efac49",
      "price": "0.32",
      "sequence": "5522259688175617",
      "side": "buy",
      "size": "1",
      "symbol": "PNDR-USDT",
      "takerOrderId": "673db320adc212000741d6dc",
      "time": "1732096800650000000",
      "tradeId": "5522259688175617",
      "type": "match",
      "time_before_que.put": "10:00:00.694",
      "seconds_from_release": 0.694866,
      "time_after_queue.get": "10:00:00.695"
    }
  },
  {
    "topic": "/market/match:PNDR-USDT",
    "type": "message",
    "subject": "trade.l3match",
    "data": {
      "makerOrderId": "673da8b72ab0100007efac49",
      "price": "0.32",
      "sequence": "5522259689224193",
      "side": "buy",
      "size": "1",
      "symbol": "PNDR-USDT",
      "takerOrderId": "673db320429d8b0007a8d43c",
      "time": "1732096800654000000",
      "tradeId": "5522259689224193",
      "type": "match",
      "time_before_que.put": "10:00:00.699",
      "seconds_from_release": 0.69992,
      "time_after_queue.get": "10:00:00.700"
    }
  },
  {
    "topic": "/market/match:PNDR-USDT",
    "type": "message",
    "subject": "trade.l3match",
    "data": {
      "makerOrderId": "673da8b72ab0100007efac49",
      "price": "0.32",
      "sequence": "5522259690534913",
      "side": "buy",
      "size": "1",
      "symbol": "PNDR-USDT",
      "takerOrderId": "673db32057d3360007e65d32",
      "time": "1732096800659000000",
      "tradeId": "5522259690534913",
      "type": "match",
      "time_before_que.put": "10:00:00.707",
      "seconds_from_release": 0.707062,
      "time_after_queue.get": "10:00:00.707"
    }
  },
  {
    "topic": "/market/match:PNDR-USDT",
    "type": "message",
    "subject": "trade.l3match",
    "data": {
      "makerOrderId": "673da8b72ab0100007efac49",
      "price": "0.32",
      "sequence": "5522259690665985",
      "side": "buy",
      "size": "1",
      "symbol": "PNDR-USDT",
      "takerOrderId": "673db32054d62a00073f8e0a",
      "time": "1732096800659000000",
      "tradeId": "5522259690665985",
      "type": "match",
      "time_before_que.put": "10:00:00.707",
      "seconds_from_release": 0.707267,
      "time_after_queue.get": "10:00:00.707"
    }
  },
  {
    "topic": "/market/match:PNDR-USDT",
    "type": "message",
    "subject": "trade.l3match",
    "data": {
      "makerOrderId": "673da8b72ab0100007efac49",
      "price": "0.32",
      "sequence": "5522259690928129",
      "side": "buy",
      "size": "1",
      "symbol": "PNDR-USDT",
      "takerOrderId": "673db320392ff70007297886",
      "time": "1732096800659000000",
      "tradeId": "5522259690928129",
      "type": "match",
      "time_before_que.put": "10:00:00.707",
      "seconds_from_release": 0.707402,
      "time_after_queue.get": "10:00:00.707"
    }
  },
  {
    "topic": "/market/match:PNDR-USDT",
    "type": "message",
    "subject": "trade.l3match",
    "data": {
      "makerOrderId": "673da8b72ab0100007efac49",
      "price": "0.32",
      "sequence": "5522259691976705",
      "side": "buy",
      "size": "1",
      "symbol": "PNDR-USDT",
      "takerOrderId": "673db320cf1a87000731de2f",
      "time": "1732096800663000000",
      "tradeId": "5522259691976705",
      "type": "match",
      "time_before_que.put": "10:00:00.707",
      "seconds_from_release": 0.707581,
      "time_after_queue.get": "10:00:00.707"
    }
  },
  {
    "topic": "/market/match:PNDR-USDT",
    "type": "message",
    "subject": "trade.l3match",
    "data": {
      "makerOrderId": "673da8b72ab0100007efac49",
      "price": "0.32",
      "sequence": "5522259692369921",
      "side": "buy",
      "size": "1",
      "symbol": "PNDR-USDT",
      "takerOrderId": "673db320355a360007da2cda",
      "time": "1732096800664000000",
      "tradeId": "5522259692369921",
      "type": "match",
      "time_before_que.put": "10:00:00.707",
      "seconds_from_release": 0.707927,
      "time_after_queue.get": "10:00:00.708"
    }
  },
  {
    "topic": "/market/match:PNDR-USDT",
    "type": "message",
    "subject": "trade.l3match",
    "data": {
      "makerOrderId": "673da8b72ab0100007efac49",
      "price": "0.32",
      "sequence": "5522259697481729",
      "side": "buy",
      "size": "1",
      "symbol": "PNDR-USDT",
      "takerOrderId": "673db32098326e00070b341b",
      "time": "1732096800683000000",
      "tradeId": "5522259697481729",
      "type": "match",
      "time_before_que.put": "10:00:00.728",
      "seconds_from_release": 0.728641,
      "time_after_queue.get": "10:00:00.729"
    }
  },
  {
    "topic": "/market/match:PNDR-USDT",
    "type": "message",
    "subject": "trade.l3match",
    "data": {
      "makerOrderId": "673da8b72ab0100007efac49",
      "price": "0.32",
      "sequence": "5522259704166401",
      "side": "buy",
      "size": "1",
      "symbol": "PNDR-USDT",
      "takerOrderId": "673db320ae43c40007ff4c66",
      "time": "1732096800703000000",
      "tradeId": "5522259704166401",
      "type": "match",
      "time_before_que.put": "10:00:00.750",
      "seconds_from_release": 0.750505,
      "time_after_queue.get": "10:00:00.750"
    }
  },
  {
    "topic": "/market/match:PNDR-USDT",
    "type": "message",
    "subject": "trade.l3match",
    "data": {
      "makerOrderId": "673da8b72ab0100007efac49",
      "price": "0.32",
      "sequence": "5522259705083905",
      "side": "buy",
      "size": "1",
      "symbol": "PNDR-USDT",
      "takerOrderId": "673db320429d8b0007a8d4e1",
      "time": "1732096800707000000",
      "tradeId": "5522259705083905",
      "type": "match",
      "time_before_que.put": "10:00:00.750",
      "seconds_from_release": 0.750682,
      "time_after_queue.get": "10:00:00.750"
    }
  },
  {
    "topic": "/market/match:PNDR-USDT",
    "type": "message",
    "subject": "trade.l3match",
    "data": {
      "makerOrderId": "673da8b72ab0100007efac49",
      "price": "0.32",
      "sequence": "5522259705477121",
      "side": "buy",
      "size": "1",
      "symbol": "PNDR-USDT",
      "takerOrderId": "673db3202ab01000071fd84f",
      "time": "1732096800708000000",
      "tradeId": "5522259705477121",
      "type": "match",
      "time_before_que.put": "10:00:00.756",
      "seconds_from_release": 0.756686,
      "time_after_queue.get": "10:00:00.756"
    }
  },
  {
    "topic": "/market/match:PNDR-USDT",
    "type": "message",
    "subject": "trade.l3match",
    "data": {
      "makerOrderId": "673da8b72ab0100007efac49",
      "price": "0.32",
      "sequence": "5522259705608193",
      "side": "buy",
      "size": "1",
      "symbol": "PNDR-USDT",
      "takerOrderId": "673db32008e10c00079f9034",
      "time": "1732096800708000000",
      "tradeId": "5522259705608193",
      "type": "match",
      "time_before_que.put": "10:00:00.756",
      "seconds_from_release": 0.756998,
      "time_after_queue.get": "10:00:00.757"
    }
  },
  {
    "topic": "/market/match:PNDR-USDT",
    "type": "message",
    "subject": "trade.l3match",
    "data": {
      "makerOrderId": "673da8b72ab0100007efac49",
      "price": "0.32",
      "sequence": "5522259706132481",
      "side": "buy",
      "size": "1",
      "symbol": "PNDR-USDT",
      "takerOrderId": "673db32098326e00070b3461",
      "time": "1732096800709000000",
      "tradeId": "5522259706132481",
      "type": "match",
      "time_before_que.put": "10:00:00.757",
      "seconds_from_release": 0.757281,
      "time_after_queue.get": "10:00:00.757"
    }
  },
  {
    "topic": "/market/match:PNDR-USDT",
    "type": "message",
    "subject": "trade.l3match",
    "data": {
      "makerOrderId": "673da8b72ab0100007efac49",
      "price": "0.32",
      "sequence": "5522259706787841",
      "side": "buy",
      "size": "1",
      "symbol": "PNDR-USDT",
      "takerOrderId": "673db3204bcca600078b70a5",
      "time": "1732096800711000000",
      "tradeId": "5522259706787841",
      "type": "match",
      "time_before_que.put": "10:00:00.757",
      "seconds_from_release": 0.757489,
      "time_after_queue.get": "10:00:00.757"
    }
  },
  {
    "topic": "/market/match:PNDR-USDT",
    "type": "message",
    "subject": "trade.l3match",
    "data": {
      "makerOrderId": "673da8b72ab0100007efac49",
      "price": "0.32",
      "sequence": "5522259707574273",
      "side": "buy",
      "size": "1",
      "symbol": "PNDR-USDT",
      "takerOrderId": "673db320adc212000741d796",
      "time": "1732096800714000000",
      "tradeId": "5522259707574273",
      "type": "match",
      "time_before_que.put": "10:00:00.762",
      "seconds_from_release": 0.762608,
      "time_after_queue.get": "10:00:00.762"
    }
  },
  {
    "topic": "/market/match:PNDR-USDT",
    "type": "message",
    "subject": "trade.l3match",
    "data": {
      "makerOrderId": "673da8b72ab0100007efac49",
      "price": "0.32",
      "sequence": "5522259708491777",
      "side": "buy",
      "size": "1",
      "symbol": "PNDR-USDT",
      "takerOrderId": "673db320355a360007da2d6d",
      "time": "1732096800717000000",
      "tradeId": "5522259708491777",
      "type": "match",
      "time_before_que.put": "10:00:00.762",
      "seconds_from_release": 0.762773,
      "time_after_queue.get": "10:00:00.762"
    }
  },
  {
    "topic": "/market/match:PNDR-USDT",
    "type": "message",
    "subject": "trade.l3match",
    "data": {
      "makerOrderId": "673da8b72ab0100007efac49",
      "price": "0.32",
      "sequence": "5522259708622849",
      "side": "buy",
      "size": "1",
      "symbol": "PNDR-USDT",
      "takerOrderId": "673db3202ab01000071fd868",
      "time": "1732096800717000000",
      "tradeId": "5522259708622849",
      "type": "match",
      "time_before_que.put": "10:00:00.762",
      "seconds_from_release": 0.76293,
      "time_after_queue.get": "10:00:00.763"
    }
  },
  {
    "topic": "/market/match:PNDR-USDT",
    "type": "message",
    "subject": "trade.l3match",
    "data": {
      "makerOrderId": "673da8b72ab0100007efac49",
      "price": "0.32",
      "sequence": "5522259709147137",
      "side": "buy",
      "size": "1",
      "symbol": "PNDR-USDT",
      "takerOrderId": "673db32008e10c00079f904e",
      "time": "1732096800718000000",
      "tradeId": "5522259709147137",
      "type": "match",
      "time_before_que.put": "10:00:00.763",
      "seconds_from_release": 0.763065,
      "time_after_queue.get": "10:00:00.763"
    }
  },
  {
    "topic": "/market/match:PNDR-USDT",
    "type": "message",
    "subject": "trade.l3match",
    "data": {
      "makerOrderId": "673da8b72ab0100007efac49",
      "price": "0.32",
      "sequence": "5522259709278209",
      "side": "buy",
      "size": "1",
      "symbol": "PNDR-USDT",
      "takerOrderId": "673db320ae43c40007ff4c87",
      "time": "1732096800718000000",
      "tradeId": "5522259709278209",
      "type": "match",
      "time_before_que.put": "10:00:00.763",
      "seconds_from_release": 0.763197,
      "time_after_queue.get": "10:00:00.763"
    }
  },
  {
    "topic": "/market/match:PNDR-USDT",
    "type": "message",
    "subject": "trade.l3match",
    "data": {
      "makerOrderId": "673da8b72ab0100007efac49",
      "price": "0.32",
      "sequence": "5522259710720001",
      "side": "buy",
      "size": "1",
      "symbol": "PNDR-USDT",
      "takerOrderId": "673db320858fce000750b376",
      "time": "1732096800725000000",
      "tradeId": "5522259710720001",
      "type": "match",
      "time_before_que.put": "10:00:00.771",
      "seconds_from_release": 0.771349,
      "time_after_queue.get": "10:00:00.771"
    }
  },
  {
    "topic": "/market/match:PNDR-USDT",
    "type": "message",
    "subject": "trade.l3match",
    "data": {
      "makerOrderId": "673da8b72ab0100007efac49",
      "price": "0.32",
      "sequence": "5522259712948225",
      "side": "buy",
      "size": "1",
      "symbol": "PNDR-USDT",
      "takerOrderId": "673db3202ab01000071fd87d",
      "time": "1732096800729000000",
      "tradeId": "5522259712948225",
      "type": "match",
      "time_before_que.put": "10:00:00.771",
      "seconds_from_release": 0.771795,
      "time_after_queue.get": "10:00:00.771"
    }
  },
  {
    "topic": "/market/match:PNDR-USDT",
    "type": "message",
    "subject": "trade.l3match",
    "data": {
      "makerOrderId": "673da8b72ab0100007efac49",
      "price": "0.32",
      "sequence": "5522259714652161",
      "side": "buy",
      "size": "1",
      "symbol": "PNDR-USDT",
      "takerOrderId": "673db320d181be0007dd20c4",
      "time": "1732096800733000000",
      "tradeId": "5522259714652161",
      "type": "match",
      "time_before_que.put": "10:00:00.778",
      "seconds_from_release": 0.778453,
      "time_after_queue.get": "10:00:00.778"
    }
  },
  {
    "topic": "/market/match:PNDR-USDT",
    "type": "message",
    "subject": "trade.l3match",
    "data": {
      "makerOrderId": "673da8b72ab0100007efac49",
      "price": "0.32",
      "sequence": "5522259715307521",
      "side": "buy",
      "size": "1",
      "symbol": "PNDR-USDT",
      "takerOrderId": "673db32054d62a00073f8ec9",
      "time": "1732096800735000000",
      "tradeId": "5522259715307521",
      "type": "match",
      "time_before_que.put": "10:00:00.778",
      "seconds_from_release": 0.778771,
      "time_after_queue.get": "10:00:00.778"
    }
  },
  {
    "topic": "/market/match:PNDR-USDT",
    "type": "message",
    "subject": "trade.l3match",
    "data": {
      "makerOrderId": "673da8b72ab0100007efac49",
      "price": "0.32",
      "sequence": "5522259715831809",
      "side": "buy",
      "size": "1",
      "symbol": "PNDR-USDT",
      "takerOrderId": "673db320858fce000750b38c",
      "time": "1732096800736000000",
      "tradeId": "5522259715831809",
      "type": "match",
      "time_before_que.put": "10:00:00.790",
      "seconds_from_release": 0.790422,
      "time_after_queue.get": "10:00:00.790"
    }
  },
  {
    "topic": "/market/match:PNDR-USDT",
    "type": "message",
    "subject": "trade.l3match",
    "data": {
      "makerOrderId": "673da8b72ab0100007efac49",
      "price": "0.32",
      "sequence": "5522259724613633",
      "side": "buy",
      "size": "1",
      "symbol": "PNDR-USDT",
      "takerOrderId": "673db320858fce000750b3d7",
      "time": "1732096800750000000",
      "tradeId": "5522259724613633",
      "type": "match",
      "time_before_que.put": "10:00:00.797",
      "seconds_from_release": 0.797884,
      "time_after_queue.get": "10:00:00.798"
    }
  },
  {
    "topic": "/market/match:PNDR-USDT",
    "type": "message",
    "subject": "trade.l3match",
    "data": {
      "makerOrderId": "673da8b72ab0100007efac49",
      "price": "0.32",
      "sequence": "5522259725006849",
      "side": "buy",
      "size": "1",
      "symbol": "PNDR-USDT",
      "takerOrderId": "673db32098326e00070b34e2",
      "time": "1732096800751000000",
      "tradeId": "5522259725006849",
      "type": "match",
      "time_before_que.put": "10:00:00.798",
      "seconds_from_release": 0.798086,
      "time_after_queue.get": "10:00:00.798"
    }
  },
  {
    "topic": "/market/match:PNDR-USDT",
    "type": "message",
    "subject": "trade.l3match",
    "data": {
      "makerOrderId": "673da8b72ab0100007efac49",
      "price": "0.32",
      "sequence": "5522259726186497",
      "side": "buy",
      "size": "1",
      "symbol": "PNDR-USDT",
      "takerOrderId": "673db320cf1a87000731df4a",
      "time": "1732096800755000000",
      "tradeId": "5522259726186497",
      "type": "match",
      "time_before_que.put": "10:00:00.798",
      "seconds_from_release": 0.79829,
      "time_after_queue.get": "10:00:00.798"
    }
  },
  {
    "topic": "/market/match:PNDR-USDT",
    "type": "message",
    "subject": "trade.l3match",
    "data": {
      "makerOrderId": "673da8b72ab0100007efac49",
      "price": "0.32",
      "sequence": "5522259726317569",
      "side": "buy",
      "size": "1",
      "symbol": "PNDR-USDT",
      "takerOrderId": "673db320cf1a87000731df4b",
      "time": "1732096800755000000",
      "tradeId": "5522259726317569",
      "type": "match",
      "time_before_que.put": "10:00:00.798",
      "seconds_from_release": 0.798419,
      "time_after_queue.get": "10:00:00.798"
    }
  },
  {
    "topic": "/market/match:PNDR-USDT",
    "type": "message",
    "subject": "trade.l3match",
    "data": {
      "makerOrderId": "673da8b72ab0100007efac49",
      "price": "0.32",
      "sequence": "5522259726579713",
      "side": "buy",
      "size": "1",
      "symbol": "PNDR-USDT",
      "takerOrderId": "673db320355a360007da2deb",
      "time": "1732096800756000000",
      "tradeId": "5522259726579713",
      "type": "match",
      "time_before_que.put": "10:00:00.798",
      "seconds_from_release": 0.79852,
      "time_after_queue.get": "10:00:00.798"
    }
  },
  {
    "topic": "/market/match:PNDR-USDT",
    "type": "message",
    "subject": "trade.l3match",
    "data": {
      "makerOrderId": "673da8b72ab0100007efac49",
      "price": "0.32",
      "sequence": "5522259728283649",
      "side": "buy",
      "size": "1",
      "symbol": "PNDR-USDT",
      "takerOrderId": "673db320ab0f0a000707334b",
      "time": "1732096800759000000",
      "tradeId": "5522259728283649",
      "type": "match",
      "time_before_que.put": "10:00:00.809",
      "seconds_from_release": 0.809867,
      "time_after_queue.get": "10:00:00.810"
    }
  },
  {
    "topic": "/market/match:PNDR-USDT",
    "type": "message",
    "subject": "trade.l3match",
    "data": {
      "makerOrderId": "673da8b72ab0100007efac49",
      "price": "0.32",
      "sequence": "5522259732477953",
      "side": "buy",
      "size": "1",
      "symbol": "PNDR-USDT",
      "takerOrderId": "673db320ae43c40007ff4d2d",
      "time": "1732096800764000000",
      "tradeId": "5522259732477953",
      "type": "match",
      "time_before_que.put": "10:00:00.814",
      "seconds_from_release": 0.814099,
      "time_after_queue.get": "10:00:00.814"
    }
  },
  {
    "topic": "/market/match:PNDR-USDT",
    "type": "message",
    "subject": "trade.l3match",
    "data": {
      "makerOrderId": "673da8b72ab0100007efac49",
      "price": "0.32",
      "sequence": "5522259736147969",
      "side": "buy",
      "size": "1",
      "symbol": "PNDR-USDT",
      "takerOrderId": "673db320c95c310007751e62",
      "time": "1732096800774000000",
      "tradeId": "5522259736147969",
      "type": "match",
      "time_before_que.put": "10:00:00.820",
      "seconds_from_release": 0.820928,
      "time_after_queue.get": "10:00:00.821"
    }
  },
  {
    "topic": "/market/match:PNDR-USDT",
    "type": "message",
    "subject": "trade.l3match",
    "data": {
      "makerOrderId": "673da8b72ab0100007efac49",
      "price": "0.32",
      "sequence": "5522259737327617",
      "side": "buy",
      "size": "1",
      "symbol": "PNDR-USDT",
      "takerOrderId": "673db320ab0f0a0007073391",
      "time": "1732096800776000000",
      "tradeId": "5522259737327617",
      "type": "match",
      "time_before_que.put": "10:00:00.821",
      "seconds_from_release": 0.821119,
      "time_after_queue.get": "10:00:00.821"
    }
  },
  {
    "topic": "/market/match:PNDR-USDT",
    "type": "message",
    "subject": "trade.l3match",
    "data": {
      "makerOrderId": "673da8b72ab0100007efac49",
      "price": "0.32",
      "sequence": "5522259737458689",
      "side": "buy",
      "size": "1",
      "symbol": "PNDR-USDT",
      "takerOrderId": "673db320429d8b0007a8d5d9",
      "time": "1732096800776000000",
      "tradeId": "5522259737458689",
      "type": "match",
