[
  {
    "id": "1732273170632",
    "type": "pong",
    "timestamp": 1732273170669859
  },
  {
    "id": "1732273190632",
    "type": "pong",
    "timestamp": 1732273190670491
  },
  {
    "topic": "/market/match:SLERF-USDT",
    "type": "message",
    "subject": "trade.l3match",
    "data": {
      "price": "0.2",
      "sequence": "5583131573237761",
      "side": "sell",
      "size": "1",
      "symbol": "SLERF-USDT",
      "time": "1732273200000000000",
      "tradeId": "5583131573237761",
      "type": "match",
      "time_before_que.put": "11:00:00.113",
      "seconds_from_release": 0.11314,
      "time_after_queue.get": "11:00:00.113"
    }
  },
  {
    "topic": "/market/match:SLERF-USDT",
    "type": "message",
    "subject": "trade.l3match",
    "data": {
      "makerOrderId": "67406430088f010007b88238",
      "price": "0.38",
      "sequence": "5583131637725185",
      "side": "buy",
      "size": "526",
      "symbol": "SLERF-USDT",
      "takerOrderId": "67406430c5ba740007984dea",
      "time": "1732273200170000000",
      "tradeId": "5583131637725185",
      "type": "match",
      "time_before_que.put": "11:00:00.215",
      "seconds_from_release": 0.21537,
      "time_after_queue.get": "11:00:00.216"
    }
  },
  {
    "topic": "/market/match:SLERF-USDT",
    "type": "message",
    "subject": "trade.l3match",
    "data": {
      "makerOrderId": "67406430088f010007b88238",
      "price": "0.38",
      "sequence": "5583131649259521",
      "side": "buy",
      "size": "15",
      "symbol": "SLERF-USDT",
      "takerOrderId": "6740643068486d00079985c1",
      "time": "1732273200189000000",
      "tradeId": "5583131649259521",
      "type": "match",
      "time_before_que.put": "11:00:00.234",
      "seconds_from_release": 0.234439,
      "time_after_queue.get": "11:00:00.234"
    }
  },
  {
    "topic": "/market/match:SLERF-USDT",
    "type": "message",
    "subject": "trade.l3match",
    "data": {
      "makerOrderId": "67406430088f010007b88238",
      "price": "0.38",
      "sequence": "5583131659352065",
      "side": "buy",
      "size": "500",
      "symbol": "SLERF-USDT",
      "takerOrderId": "6740643068486d00079985be",
      "time": "1732273200208000000",
      "tradeId": "5583131659352065",
      "type": "match",
      "time_before_que.put": "11:00:00.254",
      "seconds_from_release": 0.254429,
      "time_after_queue.get": "11:00:00.255"
    }
  },
  {
    "topic": "/market/match:SLERF-USDT",
    "type": "message",
    "subject": "trade.l3match",
    "data": {
      "makerOrderId": "67406430088f010007b88238",
      "price": "0.38",
      "sequence": "5583131659876353",
      "side": "buy",
      "size": "250",
      "symbol": "SLERF-USDT",
      "takerOrderId": "6740643068486d00079985ca",
      "time": "1732273200209000000",
      "tradeId": "5583131659876353",
      "type": "match",
      "time_before_que.put": "11:00:00.255",
      "seconds_from_release": 0.255006,
      "time_after_queue.get": "11:00:00.255"
    }
  },
  {
    "topic": "/market/match:SLERF-USDT",
    "type": "message",
    "subject": "trade.l3match",
    "data": {
      "makerOrderId": "67406430088f010007b88238",
      "price": "0.38",
      "sequence": "5583131665774593",
      "side": "buy",
      "size": "10",
      "symbol": "SLERF-USDT",
      "takerOrderId": "67406430088f010007b882ec",
      "time": "1732273200219000000",
      "tradeId": "5583131665774593",
      "type": "match",
      "time_before_que.put": "11:00:00.262",
      "seconds_from_release": 0.262889,
      "time_after_queue.get": "11:00:00.263"
    }
  },
  {
    "topic": "/market/match:SLERF-USDT",
    "type": "message",
    "subject": "trade.l3match",
    "data": {
      "makerOrderId": "67406430088f010007b88238",
      "price": "0.38",
      "sequence": "5583131710994433",
      "side": "buy",
      "size": "11",
      "symbol": "SLERF-USDT",
      "takerOrderId": "67406430f15b270007b0c5e9",
      "time": "1732273200312000000",
      "tradeId": "5583131710994433",
      "type": "match",
      "time_before_que.put": "11:00:00.359",
      "seconds_from_release": 0.359272,
      "time_after_queue.get": "11:00:00.359"
    }
  },
  {
    "topic": "/market/match:SLERF-USDT",
    "type": "message",
    "subject": "trade.l3match",
    "data": {
      "makerOrderId": "6740643037061e0007546217",
      "price": "0.37",
      "sequence": "5583131762636801",
      "side": "sell",
      "size": "10.9",
      "symbol": "SLERF-USDT",
      "takerOrderId": "674064304fe74600070ad995",
      "time": "1732273200385000000",
      "tradeId": "5583131762636801",
      "type": "match",
      "time_before_que.put": "11:00:00.433",
      "seconds_from_release": 0.433213,
      "time_after_queue.get": "11:00:00.433"
    }
  },
  {
    "topic": "/market/match:SLERF-USDT",
    "type": "message",
    "subject": "trade.l3match",
    "data": {
      "makerOrderId": "67406430088f010007b88238",
      "price": "0.38",
      "sequence": "5583131872344065",
      "side": "buy",
      "size": "11",
      "symbol": "SLERF-USDT",
      "takerOrderId": "6740643068486d0007998892",
      "time": "1732273200553000000",
      "tradeId": "5583131872344065",
      "type": "match",
      "time_before_que.put": "11:00:00.600",
      "seconds_from_release": 0.600533,
      "time_after_queue.get": "11:00:00.600"
    }
  },
  {
    "topic": "/market/match:SLERF-USDT",
    "type": "message",
    "subject": "trade.l3match",
    "data": {
      "makerOrderId": "6740643037061e0007546217",
      "price": "0.37",
      "sequence": "5583134775982081",
      "side": "sell",
      "size": "16.1",
      "symbol": "SLERF-USDT",
      "takerOrderId": "67406437df6f6e0007842677",
      "time": "1732273207318000000",
      "tradeId": "5583134775982081",
      "type": "match",
      "time_before_que.put": "11:00:07.362",
      "seconds_from_release": 7.362803,
      "time_after_queue.get": "11:00:07.362"
    }
  },
  {
    "topic": "/market/match:SLERF-USDT",
    "type": "message",
    "subject": "trade.l3match",
    "data": {
      "makerOrderId": "67406437df6f6e0007842677",
      "price": "0.37",
      "sequence": "5583135000770561",
      "side": "buy",
      "size": "135.44",
      "symbol": "SLERF-USDT",
      "takerOrderId": "67406437ae93cc0007d8ae67",
      "time": "1732273207814000000",
      "tradeId": "5583135000770561",
      "type": "match",
      "time_before_que.put": "11:00:07.950",
      "seconds_from_release": 7.950696,
      "time_after_queue.get": "11:00:07.950"
    }
  },
  {
    "topic": "/market/match:SLERF-USDT",
    "type": "message",
    "subject": "trade.l3match",
    "data": {
      "makerOrderId": "67406437df6f6e0007842677",
      "price": "0.37",
      "sequence": "5583136106887169",
      "side": "buy",
      "size": "62.16",
      "symbol": "SLERF-USDT",
      "takerOrderId": "6740643a31d09500073b7b2e",
      "time": "1732273210646000000",
      "tradeId": "5583136106887169",
      "type": "match",
      "time_before_que.put": "11:00:10.694",
      "seconds_from_release": 10.694766,
      "time_after_queue.get": "11:00:10.694"
    }
  },
  {
    "id": "1732273210634",
    "type": "pong",
    "timestamp": 1732273210673971
  },
  {
    "topic": "/market/match:SLERF-USDT",
    "type": "message",
    "subject": "trade.l3match",
    "data": {
      "makerOrderId": "674064300d855300072f02a8",
      "price": "0.3668",
      "sequence": "5583136832763905",
      "side": "sell",
      "size": "100",
      "symbol": "SLERF-USDT",
      "takerOrderId": "6740643c088f010007b8ca8e",
      "time": "1732273212800000000",
      "tradeId": "5583136832763905",
      "type": "match",
      "time_before_que.put": "11:00:12.848",
      "seconds_from_release": 12.848666,
      "time_after_queue.get": "11:00:12.848"
    }
  },
  {
    "topic": "/market/match:SLERF-USDT",
    "type": "message",
    "subject": "trade.l3match",
    "data": {
      "makerOrderId": "6740643c088f010007b8ca8e",
      "price": "0.3668",
      "sequence": "5583137811085313",
      "side": "buy",
      "size": "65.53",
      "symbol": "SLERF-USDT",
      "takerOrderId": "6740643fd52cb800070e33be",
      "time": "1732273215346000000",
      "tradeId": "5583137811085313",
      "type": "match",
      "time_before_que.put": "11:00:15.392",
      "seconds_from_release": 15.392032,
      "time_after_queue.get": "11:00:15.392"
    }
  },
  {
    "topic": "/market/match:SLERF-USDT",
    "type": "message",
    "subject": "trade.l3match",
    "data": {
      "makerOrderId": "674064304fe74600070ad80f",
      "price": "0.3665",
      "sequence": "5583138321610753",
      "side": "sell",
      "size": "100",
      "symbol": "SLERF-USDT",
      "takerOrderId": "67406440ae93cc0007d8e033",
      "time": "1732273216763000000",
      "tradeId": "5583138321610753",
      "type": "match",
      "time_before_que.put": "11:00:16.811",
      "seconds_from_release": 16.811053,
      "time_after_queue.get": "11:00:16.811"
    }
  },
  {
    "topic": "/market/match:SLERF-USDT",
    "type": "message",
    "subject": "trade.l3match",
    "data": {
      "makerOrderId": "674064304fe74600070ad832",
      "price": "0.3629",
      "sequence": "5583138321741825",
      "side": "sell",
      "size": "100",
      "symbol": "SLERF-USDT",
      "takerOrderId": "6740644031d09500073b9eb5",
      "time": "1732273216763000000",
      "tradeId": "5583138321741825",
      "type": "match",
      "time_before_que.put": "11:00:16.811",
      "seconds_from_release": 16.811253,
      "time_after_queue.get": "11:00:16.811"
    }
  },
  {
    "topic": "/market/match:SLERF-USDT",
    "type": "message",
    "subject": "trade.l3match",
    "data": {
      "makerOrderId": "67406440f15b270007b12235",
      "price": "0.3627",
      "sequence": "5583138321741828",
      "side": "sell",
      "size": "136.37",
      "symbol": "SLERF-USDT",
      "takerOrderId": "6740644031d09500073b9eb5",
      "time": "1732273216763000000",
      "tradeId": "5583138321741828",
      "type": "match",
      "time_before_que.put": "11:00:16.811",
      "seconds_from_release": 16.811422,
      "time_after_queue.get": "11:00:16.811"
    }
  },
  {
    "topic": "/market/match:SLERF-USDT",
    "type": "message",
    "subject": "trade.l3match",
    "data": {
      "makerOrderId": "67406430088f010007b8836e",
      "price": "0.3626",
      "sequence": "5583138321741831",
      "side": "sell",
      "size": "100",
      "symbol": "SLERF-USDT",
      "takerOrderId": "6740644031d09500073b9eb5",
      "time": "1732273216763000000",
      "tradeId": "5583138321741831",
      "type": "match",
      "time_before_que.put": "11:00:16.811",
      "seconds_from_release": 16.81157,
      "time_after_queue.get": "11:00:16.811"
    }
  },
  {
    "topic": "/market/match:SLERF-USDT",
    "type": "message",
    "subject": "trade.l3match",
    "data": {
      "makerOrderId": "6740644031d09500073b9eb5",
      "price": "0.3626",
      "sequence": "5583138988505089",
      "side": "buy",
      "size": "2.63",
      "symbol": "SLERF-USDT",
      "takerOrderId": "6740644231d09500073ba956",
      "time": "1732273218711000000",
      "tradeId": "5583138988505089",
      "type": "match",
      "time_before_que.put": "11:00:18.758",
      "seconds_from_release": 18.758382,
      "time_after_queue.get": "11:00:18.758"
    }
  },
  {
    "topic": "/market/match:SLERF-USDT",
    "type": "message",
    "subject": "trade.l3match",
    "data": {
      "makerOrderId": "67406445f4a7c50007aaf04b",
      "price": "0.3601",
      "sequence": "5583141864617985",
      "side": "sell",
      "size": "2.02",
      "symbol": "SLERF-USDT",
      "takerOrderId": "67406448ae93cc0007d91871",
      "time": "1732273224956000000",
      "tradeId": "5583141864617985",
      "type": "match",
      "time_before_que.put": "11:00:25.003",
      "seconds_from_release": 25.003053,
      "time_after_queue.get": "11:00:25.003"
    }
  },
  {
    "topic": "/market/match:SLERF-USDT",
    "type": "message",
    "subject": "trade.l3match",
    "data": {
      "makerOrderId": "67406448ae93cc0007d91871",
      "price": "0.3601",
      "sequence": "5583141878904833",
      "side": "buy",
      "size": "274.93",
      "symbol": "SLERF-USDT",
      "takerOrderId": "67406448f4a7c50007ab0f30",
      "time": "1732273224981000000",
      "tradeId": "5583141878904833",
      "type": "match",
      "time_before_que.put": "11:00:25.026",
      "seconds_from_release": 25.026378,
      "time_after_queue.get": "11:00:25.027"
    }
  },
  {
    "topic": "/market/match:SLERF-USDT",
    "type": "message",
    "subject": "trade.l3match",
    "data": {
      "makerOrderId": "67406448ae93cc0007d91871",
      "price": "0.3601",
      "sequence": "5583141879953409",
      "side": "buy",
      "size": "291.1",
      "symbol": "SLERF-USDT",
      "takerOrderId": "67406448088f010007b91abd",
      "time": "1732273224983000000",
      "tradeId": "5583141879953409",
      "type": "match",
      "time_before_que.put": "11:00:25.026",
      "seconds_from_release": 25.026893,
      "time_after_queue.get": "11:00:25.027"
    }
  },
  {
    "topic": "/market/match:SLERF-USDT",
    "type": "message",
    "subject": "trade.l3match",
    "data": {
      "makerOrderId": "67406448ae93cc0007d91871",
      "price": "0.3601",
      "sequence": "5583141880084481",
      "side": "buy",
      "size": "93.99",
      "symbol": "SLERF-USDT",
      "takerOrderId": "674064484fe74600070b6fa6",
      "time": "1732273224983000000",
      "tradeId": "5583141880084481",
      "type": "match",
      "time_before_que.put": "11:00:25.027",
      "seconds_from_release": 25.027109,
      "time_after_queue.get": "11:00:25.027"
    }
  },
  {
    "topic": "/market/match:SLERF-USDT",
    "type": "message",
    "subject": "trade.l3match",
    "data": {
      "makerOrderId": "67406448ae93cc0007d91871",
      "price": "0.3601",
      "sequence": "5583141880346625",
      "side": "buy",
      "size": "286.89",
      "symbol": "SLERF-USDT",
      "takerOrderId": "67406448f15b270007b15c8c",
      "time": "1732273224983000000",
      "tradeId": "5583141880346625",
      "type": "match",
      "time_before_que.put": "11:00:25.027",
      "seconds_from_release": 25.027268,
      "time_after_queue.get": "11:00:25.027"
    }
  },
  {
    "topic": "/market/match:SLERF-USDT",
    "type": "message",
    "subject": "trade.l3match",
    "data": {
      "makerOrderId": "67406448ae93cc0007d91871",
      "price": "0.3601",
      "sequence": "5583141881395201",
      "side": "buy",
      "size": "45.34",
      "symbol": "SLERF-USDT",
      "takerOrderId": "674064484fe74600070b6faa",
      "time": "1732273224985000000",
      "tradeId": "5583141881395201",
      "type": "match",
      "time_before_que.put": "11:00:25.032",
      "seconds_from_release": 25.032971,
      "time_after_queue.get": "11:00:25.033"
    }
  },
  {
    "topic": "/market/match:SLERF-USDT",
    "type": "message",
    "subject": "trade.l3match",
    "data": {
      "makerOrderId": "67406448ae93cc0007d91871",
      "price": "0.3601",
      "sequence": "5583141881526273",
      "side": "buy",
      "size": "113.83",
      "symbol": "SLERF-USDT",
      "takerOrderId": "67406448cf286a00074fd956",
      "time": "1732273224985000000",
      "tradeId": "5583141881526273",
      "type": "match",
      "time_before_que.put": "11:00:25.033",
      "seconds_from_release": 25.033328,
      "time_after_queue.get": "11:00:25.033"
    }
  },
  {
    "topic": "/market/match:SLERF-USDT",
    "type": "message",
    "subject": "trade.l3match",
    "data": {
      "makerOrderId": "67406448ae93cc0007d91871",
      "price": "0.3601",
      "sequence": "5583141881657345",
      "side": "buy",
      "size": "127.6",
      "symbol": "SLERF-USDT",
      "takerOrderId": "67406448cf286a00074fd95a",
      "time": "1732273224985000000",
      "tradeId": "5583141881657345",
      "type": "match",
      "time_before_que.put": "11:00:25.033",
      "seconds_from_release": 25.033474,
      "time_after_queue.get": "11:00:25.033"
    }
  },
  {
    "topic": "/market/match:SLERF-USDT",
    "type": "message",
    "subject": "trade.l3match",
    "data": {
      "makerOrderId": "67406448ae93cc0007d91871",
      "price": "0.3601",
      "sequence": "5583141883754497",
      "side": "buy",
      "size": "583.71",
      "symbol": "SLERF-USDT",
      "takerOrderId": "6740644867cdc900075c5103",
      "time": "1732273224988000000",
      "tradeId": "5583141883754497",
      "type": "match",
      "time_before_que.put": "11:00:25.033",
      "seconds_from_release": 25.033671,
      "time_after_queue.get": "11:00:25.033"
    }
  },
  {
    "topic": "/market/match:SLERF-USDT",
    "type": "message",
    "subject": "trade.l3match",
    "data": {
      "makerOrderId": "67406448ae93cc0007d91871",
      "price": "0.3601",
      "sequence": "5583141886113793",
      "side": "buy",
      "size": "65.53",
      "symbol": "SLERF-USDT",
      "takerOrderId": "67406448c5ba74000798e658",
      "time": "1732273224992000000",
      "tradeId": "5583141886113793",
      "type": "match",
      "time_before_que.put": "11:00:25.037",
      "seconds_from_release": 25.037422,
      "time_after_queue.get": "11:00:25.037"
    }
  },
  {
    "topic": "/market/match:SLERF-USDT",
    "type": "message",
    "subject": "trade.l3match",
    "data": {
      "makerOrderId": "67406448ae93cc0007d91871",
      "price": "0.3601",
      "sequence": "5583141886244865",
      "side": "buy",
      "size": "49.81",
      "symbol": "SLERF-USDT",
      "takerOrderId": "674064481586c10007af4332",
      "time": "1732273224992000000",
      "tradeId": "5583141886244865",
      "type": "match",
      "time_before_que.put": "11:00:25.071",
      "seconds_from_release": 25.071354,
      "time_after_queue.get": "11:00:25.071"
    }
  },
  {
    "topic": "/market/match:SLERF-USDT",
    "type": "message",
    "subject": "trade.l3match",
    "data": {
      "makerOrderId": "67406448ae93cc0007d91871",
      "price": "0.3601",
      "sequence": "5583141887162369",
      "side": "buy",
      "size": "835.79",
      "symbol": "SLERF-USDT",
      "takerOrderId": "674064480d855300072f9a66",
      "time": "1732273224994000000",
      "tradeId": "5583141887162369",
      "type": "match",
      "time_before_que.put": "11:00:25.071",
      "seconds_from_release": 25.071502,
      "time_after_queue.get": "11:00:25.071"
    }
  },
  {
    "topic": "/market/match:SLERF-USDT",
    "type": "message",
    "subject": "trade.l3match",
    "data": {
      "makerOrderId": "67406448ae93cc0007d91871",
      "price": "0.3601",
      "sequence": "5583141890045953",
      "side": "buy",
      "size": "291.1",
      "symbol": "SLERF-USDT",
      "takerOrderId": "67406448c65bf70007440f9a",
      "time": "1732273224996000000",
      "tradeId": "5583141890045953",
      "type": "match",
      "time_before_que.put": "11:00:25.071",
      "seconds_from_release": 25.071624,
      "time_after_queue.get": "11:00:25.071"
    }
  },
  {
    "topic": "/market/match:SLERF-USDT",
    "type": "message",
    "subject": "trade.l3match",
    "data": {
      "makerOrderId": "67406448ae93cc0007d91871",
      "price": "0.3601",
      "sequence": "5583141895026689",
      "side": "buy",
      "size": "249.1",
      "symbol": "SLERF-USDT",
      "takerOrderId": "674064494fe74600070b6fdf",
      "time": "1732273225007000000",
      "tradeId": "5583141895026689",
      "type": "match",
      "time_before_que.put": "11:00:25.071",
      "seconds_from_release": 25.071806,
      "time_after_queue.get": "11:00:25.071"
    }
  },
  {
    "topic": "/market/match:SLERF-USDT",
    "type": "message",
    "subject": "trade.l3match",
    "data": {
      "makerOrderId": "67406448ae93cc0007d91871",
      "price": "0.3601",
      "sequence": "5583141895157761",
      "side": "buy",
      "size": "47.88",
      "symbol": "SLERF-USDT",
      "takerOrderId": "674064491586c10007af4350",
      "time": "1732273225007000000",
      "tradeId": "5583141895157761",
      "type": "match",
      "time_before_que.put": "11:00:25.072",
      "seconds_from_release": 25.072006,
      "time_after_queue.get": "11:00:25.072"
    }
  },
  {
    "topic": "/market/match:SLERF-USDT",
    "type": "message",
    "subject": "trade.l3match",
    "data": {
      "makerOrderId": "67406448ae93cc0007d91871",
      "price": "0.3601",
      "sequence": "5583141895288833",
      "side": "buy",
      "size": "37.06",
      "symbol": "SLERF-USDT",
      "takerOrderId": "67406449f4f1200007c981be",
      "time": "1732273225007000000",
      "tradeId": "5583141895288833",
      "type": "match",
      "time_before_que.put": "11:00:25.072",
      "seconds_from_release": 25.0721,
      "time_after_queue.get": "11:00:25.072"
    }
  },
  {
    "topic": "/market/match:SLERF-USDT",
    "type": "message",
    "subject": "trade.l3match",
    "data": {
      "makerOrderId": "67406448ae93cc0007d91871",
      "price": "0.3601",
      "sequence": "5583141895419905",
      "side": "buy",
      "size": "32.28",
      "symbol": "SLERF-USDT",
      "takerOrderId": "6740644931d09500073bd81d",
      "time": "1732273225007000000",
      "tradeId": "5583141895419905",
      "type": "match",
      "time_before_que.put": "11:00:25.072",
      "seconds_from_release": 25.072266,
      "time_after_queue.get": "11:00:25.072"
    }
  },
  {
    "topic": "/market/match:SLERF-USDT",
    "type": "message",
    "subject": "trade.l3match",
    "data": {
      "makerOrderId": "67406448ae93cc0007d91871",
      "price": "0.3601",
      "sequence": "5583141897123841",
      "side": "buy",
      "size": "291.1",
      "symbol": "SLERF-USDT",
      "takerOrderId": "674064496967d30007144fcf",
      "time": "1732273225009000000",
      "tradeId": "5583141897123841",
      "type": "match",
      "time_before_que.put": "11:00:25.096",
      "seconds_from_release": 25.096802,
      "time_after_queue.get": "11:00:25.096"
    }
  },
  {
    "topic": "/market/match:SLERF-USDT",
    "type": "message",
    "subject": "trade.l3match",
    "data": {
      "makerOrderId": "67406448ae93cc0007d91871",
      "price": "0.3601",
      "sequence": "5583141897254913",
      "side": "buy",
      "size": "140.75",
      "symbol": "SLERF-USDT",
      "takerOrderId": "67406449f4f1200007c981c5",
      "time": "1732273225009000000",
      "tradeId": "5583141897254913",
      "type": "match",
      "time_before_que.put": "11:00:25.097",
      "seconds_from_release": 25.09704,
      "time_after_queue.get": "11:00:25.097"
    }
  },
  {
    "topic": "/market/match:SLERF-USDT",
    "type": "message",
    "subject": "trade.l3match",
    "data": {
      "makerOrderId": "67406448ae93cc0007d91871",
      "price": "0.3601",
      "sequence": "5583141897385985",
      "side": "buy",
      "size": "45.65",
      "symbol": "SLERF-USDT",
      "takerOrderId": "67406449ae93cc0007d91904",
      "time": "1732273225009000000",
      "tradeId": "5583141897385985",
      "type": "match",
      "time_before_que.put": "11:00:25.097",
      "seconds_from_release": 25.097193,
      "time_after_queue.get": "11:00:25.097"
    }
  },
  {
    "topic": "/market/match:SLERF-USDT",
    "type": "message",
    "subject": "trade.l3match",
    "data": {
      "makerOrderId": "6740644031d09500073b9eb5",
      "price": "0.3626",
      "sequence": "5583141901187073",
      "side": "buy",
      "size": "38.76",
      "symbol": "SLERF-USDT",
      "takerOrderId": "67406449df6f6e000784949b",
      "time": "1732273225021000000",
      "tradeId": "5583141901187073",
      "type": "match",
      "time_before_que.put": "11:00:25.097",
      "seconds_from_release": 25.097294,
      "time_after_queue.get": "11:00:25.097"
    }
  },
  {
    "topic": "/market/match:SLERF-USDT",
    "type": "message",
    "subject": "trade.l3match",
    "data": {
      "makerOrderId": "6740644031d09500073b9eb5",
      "price": "0.3626",
      "sequence": "5583141905512449",
      "side": "buy",
      "size": "159.59",
      "symbol": "SLERF-USDT",
      "takerOrderId": "67406449f4a7c50007ab0fa5",
      "time": "1732273225031000000",
      "tradeId": "5583141905512449",
      "type": "match",
      "time_before_que.put": "11:00:25.097",
      "seconds_from_release": 25.097382,
      "time_after_queue.get": "11:00:25.097"
    }
  },
  {
    "topic": "/market/match:SLERF-USDT",
    "type": "message",
    "subject": "trade.l3match",
    "data": {
      "makerOrderId": "674064490d855300072f9e33",
      "price": "0.3601",
      "sequence": "5583142119553025",
      "side": "buy",
      "size": "317.42",
      "symbol": "SLERF-USDT",
      "takerOrderId": "67406449f4a7c50007ab135e",
      "time": "1732273225608000000",
      "tradeId": "5583142119553025",
      "type": "match",
      "time_before_que.put": "11:00:25.695",
      "seconds_from_release": 25.695627,
      "time_after_queue.get": "11:00:25.695"
    }
  },
  {
    "topic": "/market/match:SLERF-USDT",
    "type": "message",
    "subject": "trade.l3match",
    "data": {
      "makerOrderId": "674064490d855300072f9e33",
      "price": "0.3601",
      "sequence": "5583142119946241",
      "side": "buy",
      "size": "109.66",
      "symbol": "SLERF-USDT",
      "takerOrderId": "6740644967cdc900075c552b",
      "time": "1732273225609000000",
      "tradeId": "5583142119946241",
      "type": "match",
      "time_before_que.put": "11:00:25.695",
      "seconds_from_release": 25.695783,
      "time_after_queue.get": "11:00:25.695"
    }
  },
  {
    "topic": "/market/match:SLERF-USDT",
    "type": "message",
    "subject": "trade.l3match",
    "data": {
      "makerOrderId": "674064490d855300072f9e33",
      "price": "0.3601",
      "sequence": "5583142137116673",
      "side": "buy",
      "size": "172.62",
      "symbol": "SLERF-USDT",
      "takerOrderId": "67406449f1bf400007a4cf38",
      "time": "1732273225652000000",
      "tradeId": "5583142137116673",
      "type": "match",
      "time_before_que.put": "11:00:25.720",
      "seconds_from_release": 25.720547,
      "time_after_queue.get": "11:00:25.720"
    }
  },
  {
    "topic": "/market/match:SLERF-USDT",
    "type": "message",
    "subject": "trade.l3match",
    "data": {
      "makerOrderId": "674064490d855300072f9e33",
      "price": "0.3601",
      "sequence": "5583142143014913",
      "side": "buy",
      "size": "28.48",
      "symbol": "SLERF-USDT",
      "takerOrderId": "67406449c65bf70007441402",
      "time": "1732273225662000000",
      "tradeId": "5583142143014913",
      "type": "match",
      "time_before_que.put": "11:00:25.720",
      "seconds_from_release": 25.720718,
      "time_after_queue.get": "11:00:25.720"
    }
  },
  {
    "topic": "/market/match:SLERF-USDT",
    "type": "message",
    "subject": "trade.l3match",
    "data": {
      "makerOrderId": "674064490d855300072f9e33",
      "price": "0.3601",
      "sequence": "5583142148913153",
      "side": "buy",
      "size": "54.15",
      "symbol": "SLERF-USDT",
      "takerOrderId": "67406449f1bf400007a4cf59",
      "time": "1732273225675000000",
      "tradeId": "5583142148913153",
      "type": "match",
      "time_before_que.put": "11:00:25.720",
      "seconds_from_release": 25.72087,
      "time_after_queue.get": "11:00:25.720"
    }
  },
  {
    "topic": "/market/match:SLERF-USDT",
    "type": "message",
    "subject": "trade.l3match",
    "data": {
      "makerOrderId": "674064490d855300072f9e33",
      "price": "0.3601",
      "sequence": "5583142162151425",
      "side": "buy",
      "size": "86.2",
      "symbol": "SLERF-USDT",
      "takerOrderId": "674064490d855300072f9f3d",
      "time": "1732273225702000000",
      "tradeId": "5583142162151425",
      "type": "match",
      "time_before_que.put": "11:00:25.748",
      "seconds_from_release": 25.748908,
      "time_after_queue.get": "11:00:25.749"
    }
  },
  {
    "topic": "/market/match:SLERF-USDT",
    "type": "message",
    "subject": "trade.l3match",
    "data": {
      "makerOrderId": "674064490d855300072f9e33",
      "price": "0.3601",
      "sequence": "5583142163068929",
      "side": "buy",
      "size": "28.48",
      "symbol": "SLERF-USDT",
      "takerOrderId": "67406449f4f1200007c9865e",
      "time": "1732273225704000000",
      "tradeId": "5583142163068929",
      "type": "match",
      "time_before_que.put": "11:00:25.749",
      "seconds_from_release": 25.749166,
      "time_after_queue.get": "11:00:25.749"
    }
  },
  {
    "topic": "/market/match:SLERF-USDT",
    "type": "message",
    "subject": "trade.l3match",
    "data": {
      "makerOrderId": "674064490d855300072f9e33",
      "price": "0.3601",
      "sequence": "5583142166607873",
      "side": "buy",
      "size": "154.11",
      "symbol": "SLERF-USDT",
      "takerOrderId": "67406449ae93cc0007d91d70",
      "time": "1732273225712000000",
      "tradeId": "5583142166607873",
      "type": "match",
      "time_before_que.put": "11:00:25.777",
      "seconds_from_release": 25.77775,
      "time_after_queue.get": "11:00:25.778"
    }
  },
  {
    "topic": "/market/match:SLERF-USDT",
    "type": "message",
    "subject": "trade.l3match",
    "data": {
      "makerOrderId": "674064490d855300072f9e33",
      "price": "0.3601",
      "sequence": "5583142336870401",
      "side": "buy",
      "size": "55.47",
      "symbol": "SLERF-USDT",
      "takerOrderId": "6740644aae93cc0007d92006",
      "time": "1732273226120000000",
      "tradeId": "5583142336870401",
      "type": "match",
      "time_before_que.put": "11:00:26.167",
      "seconds_from_release": 26.167153,
      "time_after_queue.get": "11:00:26.167"
    }
  },
  {
    "topic": "/market/match:SLERF-USDT",
    "type": "message",
    "subject": "trade.l3match",
    "data": {
      "makerOrderId": "674064490d855300072f9e33",
      "price": "0.3601",
      "sequence": "5583142347487233",
      "side": "buy",
      "size": "55.47",
      "symbol": "SLERF-USDT",
      "takerOrderId": "6740644ab7e21a0007750d10",
      "time": "1732273226142000000",
      "tradeId": "5583142347487233",
      "type": "match",
      "time_before_que.put": "11:00:26.189",
      "seconds_from_release": 26.18922,
      "time_after_queue.get": "11:00:26.189"
    }
  },
  {
    "topic": "/market/match:SLERF-USDT",
    "type": "message",
    "subject": "trade.l3match",
    "data": {
      "makerOrderId": "67406430c65bf700074376fc",
      "price": "0.36",
      "sequence": "5583142758791169",
      "side": "sell",
      "size": "25.55",
      "symbol": "SLERF-USDT",
      "takerOrderId": "6740644b31d09500073be4bb",
      "time": "1732273227165000000",
      "tradeId": "5583142758791169",
      "type": "match",
      "time_before_que.put": "11:00:27.266",
      "seconds_from_release": 27.266366,
      "time_after_queue.get": "11:00:27.266"
    }
  },
  {
    "topic": "/market/match:SLERF-USDT",
    "type": "message",
    "subject": "trade.l3match",
    "data": {
      "makerOrderId": "67406430c65bf700074376fc",
      "price": "0.36",
      "sequence": "5583142764165121",
      "side": "sell",
      "size": "54.44",
      "symbol": "SLERF-USDT",
      "takerOrderId": "6740644bf1bf400007a4d7d6",
      "time": "1732273227181000000",
      "tradeId": "5583142764165121",
      "type": "match",
      "time_before_que.put": "11:00:27.266",
      "seconds_from_release": 27.266708,
      "time_after_queue.get": "11:00:27.266"
    }
  },
  {
    "topic": "/market/match:SLERF-USDT",
    "type": "message",
    "subject": "trade.l3match",
    "data": {
      "makerOrderId": "67406430c65bf700074376fc",
      "price": "0.36",
      "sequence": "5583143131953153",
      "side": "sell",
      "size": "20.01",
      "symbol": "SLERF-USDT",
      "takerOrderId": "6740644cf15b270007b16f95",
      "time": "1732273228043000000",
      "tradeId": "5583143131953153",
      "type": "match",
      "time_before_que.put": "11:00:28.098",
      "seconds_from_release": 28.098435,
      "time_after_queue.get": "11:00:28.098"
    }
  },
  {
    "topic": "/market/match:SLERF-USDT",
    "type": "message",
    "subject": "trade.l3match",
    "data": {
      "makerOrderId": "6740644bae93cc0007d92a8c",
      "price": "0.36",
      "sequence": "5583143131953156",
      "side": "sell",
      "size": "8.54",
      "symbol": "SLERF-USDT",
      "takerOrderId": "6740644cf15b270007b16f95",
      "time": "1732273228043000000",
      "tradeId": "5583143131953156",
      "type": "match",
      "time_before_que.put": "11:00:28.098",
      "seconds_from_release": 28.098585,
      "time_after_queue.get": "11:00:28.098"
    }
  },
  {
    "topic": "/market/match:SLERF-USDT",
    "type": "message",
    "subject": "trade.l3match",
    "data": {
      "makerOrderId": "6740644cf15b270007b16f95",
      "price": "0.36",
      "sequence": "5583143997421569",
      "side": "buy",
      "size": "129.59",
      "symbol": "SLERF-USDT",
      "takerOrderId": "6740644ed52cb800070e9412",
      "time": "1732273230220000000",
      "tradeId": "5583143997421569",
      "type": "match",
      "time_before_que.put": "11:00:30.274",
      "seconds_from_release": 30.274597,
      "time_after_queue.get": "11:00:30.274"
    }
  },
  {
    "topic": "/market/match:SLERF-USDT",
    "type": "message",
    "subject": "trade.l3match",
    "data": {
      "makerOrderId": "6740644cf15b270007b16f95",
      "price": "0.36",
      "sequence": "5583144010790913",
      "side": "buy",
      "size": "11.68",
      "symbol": "SLERF-USDT",
      "takerOrderId": "6740644e37061e00075519be",
      "time": "1732273230262000000",
      "tradeId": "5583144010790913",
      "type": "match",
      "time_before_que.put": "11:00:30.370",
      "seconds_from_release": 30.370533,
      "time_after_queue.get": "11:00:30.370"
    }
  },
  {
    "id": "1732273230634",
    "type": "pong",
    "timestamp": 1732273230769547
  },
  {
    "topic": "/market/match:SLERF-USDT",
    "type": "message",
    "subject": "trade.l3match",
    "data": {
      "makerOrderId": "674064516967d300071483ea",
      "price": "0.3597",
      "sequence": "5583149845067777",
      "side": "buy",
      "size": "16.14",
      "symbol": "SLERF-USDT",
      "takerOrderId": "6740645cf4a7c50007ab918e",
      "time": "1732273244262000000",
      "tradeId": "5583149845067777",
      "type": "match",
      "time_before_que.put": "11:00:44.399",
      "seconds_from_release": 44.399334,
      "time_after_queue.get": "11:00:44.399"
    }
  },
  {
    "topic": "/market/match:SLERF-USDT",
    "type": "message",
    "subject": "trade.l3match",
    "data": {
      "makerOrderId": "6740644b4fe74600070b7c36",
      "price": "0.3584",
      "sequence": "5583150826534913",
      "side": "sell",
      "size": "2",
      "symbol": "SLERF-USDT",
      "takerOrderId": "6740645fd52cb800070f06e5",
      "time": "1732273247116000000",
      "tradeId": "5583150826534913",
      "type": "match",
      "time_before_que.put": "11:00:47.159",
      "seconds_from_release": 47.159156,
      "time_after_queue.get": "11:00:47.159"
    }
  },
  {
    "id": "1732273250635",
    "type": "pong",
    "timestamp": 1732273250672727
  },
  {
    "topic": "/market/match:SLERF-USDT",
    "type": "message",
    "subject": "trade.l3match",
    "data": {
      "makerOrderId": "67406469df6f6e000785649c",
      "price": "0.358",
      "sequence": "5583155580778497",
      "side": "buy",
      "size": "11.68",
      "symbol": "SLERF-USDT",
      "takerOrderId": "6740646a0d85530007307585",
      "time": "1732273258507000000",
      "tradeId": "5583155580778497",
      "type": "match",
      "time_before_que.put": "11:00:58.551",
      "seconds_from_release": 58.551691,
      "time_after_queue.get": "11:00:58.551"
    }
  }
]