{
  "metadata": {
    "symbol": "E4C",
    "channel": "match",
    "start_time": "11:59:30.0000",
    "release_time": "12:00:00.0000",
    "end_time": "12:20:00.0000",
    "total_messages": 6338,
    "final_snapshot": {
      "time": "12:20:00.2930",
      "symbol": "E4C-USDT",
      "price_high": "0.59883",
      "price_last": "0.1358",
      "price_low": "0.02",
      "price_avg": null,
      "volValue_USDT": "383090.338972"
    }
  },
  "data": [
    {
      "price": "0.02",
      "sequence": "5975053767555073",
      "side": "sell",
      "size": "10",
      "symbol": "E4C-USDT",
      "time": "1733313600000000000",
      "tradeId": "5975053767555073",
      "type": "match",
      "time_received": "12:00:00.0746"
    },
    {
      "makerOrderId": "675044423ecf4300070fef3f",
      "price": "0.59883",
      "sequence": "5975055179069471",
      "side": "sell",
      "size": "10",
      "symbol": "E4C-USDT",
      "takerOrderId": "67504443b1d2ab000737f1ca",
      "time": "1733313603022000000",
      "tradeId": "5975055179069471",
      "type": "match",
      "time_received": "12:00:03.0775"
    },
    {
      "makerOrderId": "67504442aef36e00075627bb",
      "price": "0.59883",
      "sequence": "5975055179069474",
      "side": "sell",
      "size": "47.7",
      "symbol": "E4C-USDT",
      "takerOrderId": "67504443b1d2ab000737f1ca",
      "time": "1733313603022000000",
      "tradeId": "5975055179069474",
      "type": "match",
      "time_received": "12:00:03.0779"
    },
    {
      "makerOrderId": "675044423d4b3d0007a035d7",
      "price": "0.59883",
      "sequence": "5975055179069477",
      "side": "sell",
      "size": "61.3",
      "symbol": "E4C-USDT",
      "takerOrderId": "67504443b1d2ab000737f1ca",
      "time": "1733313603022000000",
      "tradeId": "5975055179069477",
      "type": "match",
      "time_received": "12:00:03.0781"
    },
    {
      "makerOrderId": "67504442ff2a9e0007bf5c3f",
      "price": "0.59883",
      "sequence": "5975055179069480",
      "side": "sell",
      "size": "42",
      "symbol": "E4C-USDT",
      "takerOrderId": "67504443b1d2ab000737f1ca",
      "time": "1733313603022000000",
      "tradeId": "5975055179069480",
      "type": "match",
      "time_received": "12:00:03.0789"
    },
    {
      "makerOrderId": "67504442f51790000788ddd4",
      "price": "0.59883",
      "sequence": "5975055179069483",
      "side": "sell",
      "size": "47.6",
      "symbol": "E4C-USDT",
      "takerOrderId": "67504443b1d2ab000737f1ca",
      "time": "1733313603022000000",
      "tradeId": "5975055179069483",
      "type": "match",
      "time_received": "12:00:03.0790"
    },
    {
      "makerOrderId": "67504441ecb8b200075ac556",
      "price": "0.59242",
      "sequence": "5975055179069486",
      "side": "sell",
      "size": "10",
      "symbol": "E4C-USDT",
      "takerOrderId": "67504443b1d2ab000737f1ca",
      "time": "1733313603022000000",
      "tradeId": "5975055179069486",
      "type": "match",
      "time_received": "12:00:03.0791"
    },
    {
      "makerOrderId": "67504442fd80ce00072e72a9",
      "price": "0.5763",
      "sequence": "5975055179069489",
      "side": "sell",
      "size": "10",
      "symbol": "E4C-USDT",
      "takerOrderId": "67504443b1d2ab000737f1ca",
      "time": "1733313603022000000",
      "tradeId": "5975055179069489",
      "type": "match",
      "time_received": "12:00:03.0792"
    },
    {
      "makerOrderId": "675044429574f30007bb45b8",
      "price": "0.57143",
      "sequence": "5975055179069492",
      "side": "sell",
      "size": "10",
      "symbol": "E4C-USDT",
      "takerOrderId": "67504443b1d2ab000737f1ca",
      "time": "1733313603022000000",
      "tradeId": "5975055179069492",
      "type": "match",
      "time_received": "12:00:03.0792"
    },
    {
      "makerOrderId": "6750444241bdfd00074bce6f",
      "price": "0.56733",
      "sequence": "5975055179069495",
      "side": "sell",
      "size": "10",
      "symbol": "E4C-USDT",
      "takerOrderId": "67504443b1d2ab000737f1ca",
      "time": "1733313603022000000",
      "tradeId": "5975055179069495",
      "type": "match",
      "time_received": "12:00:03.0793"
    },
    {
      "makerOrderId": "675044411ed0d80007a26ad9",
      "price": "0.56445",
      "sequence": "5975055179069498",
      "side": "sell",
      "size": "10",
      "symbol": "E4C-USDT",
      "takerOrderId": "67504443b1d2ab000737f1ca",
      "time": "1733313603022000000",
      "tradeId": "5975055179069498",
      "type": "match",
      "time_received": "12:00:03.0793"
    },
    {
      "makerOrderId": "675044421ed0d80007a26cdc",
      "price": "0.55163",
      "sequence": "5975055179069501",
      "side": "sell",
      "size": "10",
      "symbol": "E4C-USDT",
      "takerOrderId": "67504443b1d2ab000737f1ca",
      "time": "1733313603022000000",
      "tradeId": "5975055179069501",
      "type": "match",
      "time_received": "12:00:03.0793"
    },
    {
      "makerOrderId": "67504441fd80ce00072e6da1",
      "price": "0.54566",
      "sequence": "5975055179069504",
      "side": "sell",
      "size": "10",
      "symbol": "E4C-USDT",
      "takerOrderId": "67504443b1d2ab000737f1ca",
      "time": "1733313603022000000",
      "tradeId": "5975055179069504",
      "type": "match",
      "time_received": "12:00:03.0794"
    },
    {
      "makerOrderId": "675044411ed0d80007a26ab4",
      "price": "0.52451",
      "sequence": "5975055425615879",
      "side": "sell",
      "size": "10",
      "symbol": "E4C-USDT",
      "takerOrderId": "67504443ff2a9e0007bf674f",
      "time": "1733313603504000000",
      "tradeId": "5975055425615879",
      "type": "match",
      "time_received": "12:00:03.5629"
    },
    {
      "makerOrderId": "675044437cf7ff00074ec5b5",
      "price": "0.49784",
      "sequence": "5975055576741897",
      "side": "sell",
      "size": "10",
      "symbol": "E4C-USDT",
      "takerOrderId": "67504443e775000007c54163",
      "time": "1733313603852000000",
      "tradeId": "5975055576741897",
      "type": "match",
      "time_received": "12:00:03.9037"
    },
    {
      "makerOrderId": "675044431e254f0007ee70b0",
      "price": "0.48026",
      "sequence": "5975055763126275",
      "side": "sell",
      "size": "10",
      "symbol": "E4C-USDT",
      "takerOrderId": "67504444e775000007c54441",
      "time": "1733313604180000000",
      "tradeId": "5975055763126275",
      "type": "match",
      "time_received": "12:00:04.2572"
    },
    {
      "makerOrderId": "67504444ff2a9e0007bf6f30",
      "price": "0.48197",
      "sequence": "5975055979395073",
      "side": "sell",
      "size": "10",
      "symbol": "E4C-USDT",
      "takerOrderId": "67504444716ab300079dd6ba",
      "time": "1733313604623000000",
      "tradeId": "5975055979395073",
      "type": "match",
      "time_received": "12:00:04.6672"
    },
    {
      "makerOrderId": "67504444ff2a9e0007bf6f30",
      "price": "0.48197",
      "sequence": "5975056129472513",
      "side": "sell",
      "size": "10",
      "symbol": "E4C-USDT",
      "takerOrderId": "675044449574f30007bb5e51",
      "time": "1733313604937000000",
      "tradeId": "5975056129472513",
      "type": "match",
      "time_received": "12:00:04.9912"
    },
    {
      "makerOrderId": "67504444ff2a9e0007bf6f30",
      "price": "0.48197",
      "sequence": "5975056291739649",
      "side": "sell",
      "size": "10",
      "symbol": "E4C-USDT",
      "takerOrderId": "675044453ecf430007100b39",
      "time": "1733313605281000000",
      "tradeId": "5975056291739649",
      "type": "match",
      "time_received": "12:00:05.3331"
    },
    {
      "makerOrderId": "67504444ff2a9e0007bf6f30",
      "price": "0.48197",
      "sequence": "5975056405248001",
      "side": "sell",
      "size": "12.7",
      "symbol": "E4C-USDT",
      "takerOrderId": "675044453bb37e0007231303",
      "time": "1733313605483000000",
      "tradeId": "5975056405248001",
      "type": "match",
      "time_received": "12:00:05.5351"
    },
    {
      "makerOrderId": "675044459574f30007bb61cb",
      "price": "0.48028",
      "sequence": "5975056405248004",
      "side": "sell",
      "size": "99",
      "symbol": "E4C-USDT",
      "takerOrderId": "675044453bb37e0007231303",
      "time": "1733313605483000000",
      "tradeId": "5975056405248004",
      "type": "match",
      "time_received": "12:00:05.5352"
    },
    {
      "makerOrderId": "67504445e775000007c54ca1",
      "price": "0.48027",
      "sequence": "5975056405248007",
      "side": "sell",
      "size": "99",
      "symbol": "E4C-USDT",
      "takerOrderId": "675044453bb37e0007231303",
      "time": "1733313605483000000",
      "tradeId": "5975056405248007",
      "type": "match",
      "time_received": "12:00:05.5352"
    },
    {
      "makerOrderId": "67504445716ab300079ddb36",
      "price": "0.48027",
      "sequence": "5975056405248010",
      "side": "sell",
      "size": "11.8",
      "symbol": "E4C-USDT",
      "takerOrderId": "675044453bb37e0007231303",
      "time": "1733313605483000000",
      "tradeId": "5975056405248010",
      "type": "match",
      "time_received": "12:00:05.5353"
    },
    {
      "makerOrderId": "675044452e6b3a0007ed06c3",
      "price": "0.42358",
      "sequence": "5975056467113985",
      "side": "sell",
      "size": "10",
      "symbol": "E4C-USDT",
      "takerOrderId": "67504445ecb8b200075ae7e9",
      "time": "1733313605601000000",
      "tradeId": "5975056467113985",
      "type": "match",
      "time_received": "12:00:05.6526"
    },
    {
      "makerOrderId": "67504445ce816c00077d84c9",
      "price": "0.4236",
      "sequence": "5975056660707329",
      "side": "sell",
      "size": "10",
      "symbol": "E4C-USDT",
      "takerOrderId": "67504445716ab300079de1ba",
      "time": "1733313605973000000",
      "tradeId": "5975056660707329",
      "type": "match",
      "time_received": "12:00:06.0244"
    },
    {
      "makerOrderId": "67504445ce816c00077d84c9",
      "price": "0.4236",
      "sequence": "5975056875141121",
      "side": "sell",
      "size": "10",
      "symbol": "E4C-USDT",
      "takerOrderId": "67504446ce816c00077d8981",
      "time": "1733313606379000000",
      "tradeId": "5975056875141121",
      "type": "match",
      "time_received": "12:00:06.4240"
    },
    {
      "makerOrderId": "675044453bb37e0007231303",
      "price": "0.45",
      "sequence": "5975057019975681",
      "side": "buy",
      "size": "1461.2",
      "symbol": "E4C-USDT",
      "takerOrderId": "675044463d4b3d0007a03bef",
      "time": "1733313606649000000",
      "tradeId": "5975057019975681",
      "type": "match",
      "time_received": "12:00:06.7027"
    },
    {
      "makerOrderId": "675044453bb37e0007231303",
      "price": "0.45",
      "sequence": "5975057693423617",
      "side": "buy",
      "size": "52.1",
      "symbol": "E4C-USDT",
      "takerOrderId": "67504447ce816c00077d95be",
      "time": "1733313607922000000",
      "tradeId": "5975057693423617",
      "type": "match",
      "time_received": "12:00:07.9774"
    },
    {
      "makerOrderId": "675044453bb37e0007231303",
      "price": "0.45",
      "sequence": "5975057819121665",
      "side": "buy",
      "size": "10",
      "symbol": "E4C-USDT",
      "takerOrderId": "675044483ecf43000710231b",
      "time": "1733313608195000000",
      "tradeId": "5975057819121665",
      "type": "match",
      "time_received": "12:00:08.2469"
    },
    {
      "makerOrderId": "6750444ace816c00077da6b3",
      "price": "0.42367",
      "sequence": "5975058798360577",
      "side": "sell",
      "size": "84.5",
      "symbol": "E4C-USDT",
      "takerOrderId": "6750444a1e254f0007ee79b6",
      "time": "1733313610105000000",
      "tradeId": "5975058798360577",
      "type": "match",
      "time_received": "12:00:10.1535"
    },
    {
      "makerOrderId": "675044499574f30007bb85d7",
      "price": "0.42366",
      "sequence": "5975058798360580",
      "side": "sell",
      "size": "15.5",
      "symbol": "E4C-USDT",
      "takerOrderId": "6750444a1e254f0007ee79b6",
      "time": "1733313610105000000",
      "tradeId": "5975058798360580",
      "type": "match",
      "time_received": "12:00:10.1535"
    },
    {
      "makerOrderId": "675044497cf7ff00074efa24",
      "price": "0.42366",
      "sequence": "5975058798360583",
      "side": "sell",
      "size": "15.5",
      "symbol": "E4C-USDT",
      "takerOrderId": "6750444a1e254f0007ee79b6",
      "time": "1733313610105000000",
      "tradeId": "5975058798360583",
      "type": "match",
      "time_received": "12:00:10.1536"
    },
    {
      "makerOrderId": "675044499574f30007bb86e6",
      "price": "0.42366",
      "sequence": "5975058798360586",
      "side": "sell",
      "size": "50.4",
      "symbol": "E4C-USDT",
      "takerOrderId": "6750444a1e254f0007ee79b6",
      "time": "1733313610105000000",
      "tradeId": "5975058798360586",
      "type": "match",
      "time_received": "12:00:10.1538"
    },
    {
      "makerOrderId": "6750444a1e254f0007ee79b6",
      "price": "0.4236",
      "sequence": "5975059750336513",
      "side": "buy",
      "size": "44.3",
      "symbol": "E4C-USDT",
      "takerOrderId": "6750444cecb8b200075b1b95",
      "time": "1733313612149000000",
      "tradeId": "5975059750336513",
      "type": "match",
      "time_received": "12:00:12.2024"
    },
    {
      "makerOrderId": "6750444a1e254f0007ee79b6",
      "price": "0.4236",
      "sequence": "5975059841562625",
      "side": "buy",
      "size": "31.7",
      "symbol": "E4C-USDT",
      "takerOrderId": "6750444c716ab300079e1366",
      "time": "1733313612395000000",
      "tradeId": "5975059841562625",
      "type": "match",
      "time_received": "12:00:12.4426"
    },
    {
      "makerOrderId": "67504449ecb8b200075b07f5",
      "price": "0.42358",
      "sequence": "5975061248882689",
      "side": "sell",
      "size": "1615.3",
      "symbol": "E4C-USDT",
      "takerOrderId": "6750444fce816c00077dce82",
      "time": "1733313615475000000",
      "tradeId": "5975061248882689",
      "type": "match",
      "time_received": "12:00:15.5231"
    },
    {
      "makerOrderId": "675044517cf7ff00074f314f",
      "price": "0.42358",
      "sequence": "5975062254991361",
      "side": "buy",
      "size": "75.4",
      "symbol": "E4C-USDT",
      "takerOrderId": "675044518338b90007f19a6b",
      "time": "1733313617544000000",
      "tradeId": "5975062254991361",
      "type": "match",
      "time_received": "12:00:17.5956"
    },
    {
      "makerOrderId": "67504451ce816c00077ddfef",
      "price": "0.42357",
      "sequence": "5975062570743809",
      "side": "buy",
      "size": "39.1",
      "symbol": "E4C-USDT",
      "takerOrderId": "675044521e1c9e0007ff4c24",
      "time": "1733313618252000000",
      "tradeId": "5975062570743809",
      "type": "match",
      "time_received": "12:00:18.3010"
    },
    {
      "makerOrderId": "67504451e775000007c5ae39",
      "price": "0.42357",
      "sequence": "5975062570743812",
      "side": "buy",
      "size": "23.3",
      "symbol": "E4C-USDT",
      "takerOrderId": "675044521e1c9e0007ff4c24",
      "time": "1733313618252000000",
      "tradeId": "5975062570743812",
      "type": "match",
      "time_received": "12:00:18.3011"
    },
    {
      "makerOrderId": "67504451e775000007c5ae39",
      "price": "0.42357",
      "sequence": "5975062572185601",
      "side": "buy",
      "size": "91.2",
      "symbol": "E4C-USDT",
      "takerOrderId": "675044522e6b3a0007ed69b7",
      "time": "1733313618254000000",
      "tradeId": "5975062572185601",
      "type": "match",
      "time_received": "12:00:18.3011"
    },
    {
      "makerOrderId": "6750444fa398ab0007441992",
      "price": "0.42363",
      "sequence": "5975062572185604",
      "side": "buy",
      "size": "52",
      "symbol": "E4C-USDT",
      "takerOrderId": "675044522e6b3a0007ed69b7",
      "time": "1733313618254000000",
      "tradeId": "5975062572185604",
      "type": "match",
      "time_received": "12:00:18.3012"
    },
    {
      "makerOrderId": "6750444f716ab300079e2b33",
      "price": "0.42363",
      "sequence": "5975062572185607",
      "side": "buy",
      "size": "47.7",
      "symbol": "E4C-USDT",
      "takerOrderId": "675044522e6b3a0007ed69b7",
      "time": "1733313618254000000",
      "tradeId": "5975062572185607",
      "type": "match",
      "time_received": "12:00:18.3013"
    },
    {
      "makerOrderId": "6750444f1e254f0007ee8007",
      "price": "0.42364",
      "sequence": "5975062572185610",
      "side": "buy",
      "size": "71.3",
      "symbol": "E4C-USDT",
      "takerOrderId": "675044522e6b3a0007ed69b7",
      "time": "1733313618254000000",
      "tradeId": "5975062572185610",
      "type": "match",
      "time_received": "12:00:18.3014"
    },
    {
      "makerOrderId": "6750444faef36e0007569316",
      "price": "0.42364",
      "sequence": "5975062572185613",
      "side": "buy",
      "size": "59.4",
      "symbol": "E4C-USDT",
      "takerOrderId": "675044522e6b3a0007ed69b7",
      "time": "1733313618254000000",
      "tradeId": "5975062572185613",
      "type": "match",
      "time_received": "12:00:18.3014"
    },
    {
      "makerOrderId": "67504452fd061e00074d350a",
      "price": "0.43001",
      "sequence": "5975062664853505",
      "side": "sell",
      "size": "35",
      "symbol": "E4C-USDT",
      "takerOrderId": "675044523ecf430007106f5d",
      "time": "1733313618466000000",
      "tradeId": "5975062664853505",
      "type": "match",
      "time_received": "12:00:18.5182"
    },
    {
      "makerOrderId": "675044523d4b3d0007a049d5",
      "price": "0.45001",
      "sequence": "5975062804707329",
      "side": "sell",
      "size": "50.3",
      "symbol": "E4C-USDT",
      "takerOrderId": "67504452fd80ce00072ef610",
      "time": "1733313618808000000",
      "tradeId": "5975062804707329",
      "type": "match",
      "time_received": "12:00:18.8583"
    },
    {
      "makerOrderId": "675044523d4b3d0007a049d5",
      "price": "0.45001",
      "sequence": "5975062943119361",
      "side": "sell",
      "size": "10.8",
      "symbol": "E4C-USDT",
      "takerOrderId": "675044533d4b3d0007a04a15",
      "time": "1733313619085000000",
      "tradeId": "5975062943119361",
      "type": "match",
      "time_received": "12:00:19.1356"
    },
    {
      "makerOrderId": "67504452ce816c00077de6fb",
      "price": "0.45001",
      "sequence": "5975062943119364",
      "side": "sell",
      "size": "47.1",
      "symbol": "E4C-USDT",
      "takerOrderId": "675044533d4b3d0007a04a15",
      "time": "1733313619085000000",
      "tradeId": "5975062943119364",
      "type": "match",
      "time_received": "12:00:19.1358"
    },
    {
      "makerOrderId": "67504452b1d2ab0007386df4",
      "price": "0.45001",
      "sequence": "5975062943119367",
      "side": "sell",
      "size": "41.3",
      "symbol": "E4C-USDT",
      "takerOrderId": "675044533d4b3d0007a04a15",
      "time": "1733313619085000000",
      "tradeId": "5975062943119367",
      "type": "match",
      "time_received": "12:00:19.1358"
    },
    {
      "makerOrderId": "675044521ed0d80007a2efae",
      "price": "0.45001",
      "sequence": "5975062943119370",
      "side": "sell",
      "size": "22.2",
      "symbol": "E4C-USDT",
      "takerOrderId": "675044533d4b3d0007a04a15",
      "time": "1733313619085000000",
      "tradeId": "5975062943119370",
      "type": "match",
      "time_received": "12:00:19.1358"
    },
    {
      "makerOrderId": "675044522e6b3a0007ed6be5",
      "price": "0.45",
      "sequence": "5975062943119373",
      "side": "sell",
      "size": "24.1",
      "symbol": "E4C-USDT",
      "takerOrderId": "675044533d4b3d0007a04a15",
      "time": "1733313619085000000",
      "tradeId": "5975062943119373",
      "type": "match",
      "time_received": "12:00:19.1361"
    },
    {
      "makerOrderId": "675044522e6b3a0007ed69b7",
      "price": "0.43",
      "sequence": "5975062943119376",
      "side": "sell",
      "size": "1098.2",
      "symbol": "E4C-USDT",
      "takerOrderId": "675044533d4b3d0007a04a15",
      "time": "1733313619085000000",
      "tradeId": "5975062943119376",
      "type": "match",
      "time_received": "12:00:19.1362"
    },
    {
      "makerOrderId": "675044521ed0d80007a2f05f",
      "price": "0.43",
      "sequence": "5975062943119379",
      "side": "sell",
      "size": "153.8",
      "symbol": "E4C-USDT",
      "takerOrderId": "675044533d4b3d0007a04a15",
      "time": "1733313619085000000",
      "tradeId": "5975062943119379",
      "type": "match",
      "time_received": "12:00:19.1364"
    },
    {
      "makerOrderId": "675044533d4b3d0007a04a15",
      "price": "0.425",
      "sequence": "5975063091886081",
      "side": "buy",
      "size": "20",
      "symbol": "E4C-USDT",
      "takerOrderId": "675044537cf7ff00074f40c9",
      "time": "1733313619424000000",
      "tradeId": "5975063091886081",
      "type": "match",
      "time_received": "12:00:19.4834"
    },
    {
      "makerOrderId": "675044533d4b3d0007a04a15",
      "price": "0.425",
      "sequence": "5975063164499969",
      "side": "buy",
      "size": "128.2",
      "symbol": "E4C-USDT",
      "takerOrderId": "675044533ecf4300071076ed",
      "time": "1733313619578000000",
      "tradeId": "5975063164499969",
      "type": "match",
      "time_received": "12:00:19.6320"
    },
    {
      "makerOrderId": "675044533d4b3d0007a04a15",
      "price": "0.425",
      "sequence": "5975063266605057",
      "side": "buy",
      "size": "50",
      "symbol": "E4C-USDT",
      "takerOrderId": "67504453ce816c00077deda9",
      "time": "1733313619820000000",
      "tradeId": "5975063266605057",
      "type": "match",
      "time_received": "12:00:19.8735"
    },
    {
      "makerOrderId": "675044533d4b3d0007a04a15",
      "price": "0.425",
      "sequence": "5975063913314305",
      "side": "buy",
      "size": "56",
      "symbol": "E4C-USDT",
      "takerOrderId": "6750445541bdfd00074c606b",
      "time": "1733313621099000000",
      "tradeId": "5975063913314305",
      "type": "match",
      "time_received": "12:00:21.1517"
    },
    {
      "makerOrderId": "675044529574f30007bbc9c4",
      "price": "0.42367",
      "sequence": "5975063920654337",
      "side": "sell",
      "size": "28",
      "symbol": "E4C-USDT",
      "takerOrderId": "67504455fd061e00074d47cc",
      "time": "1733313621113000000",
      "tradeId": "5975063920654337",
      "type": "match",
      "time_received": "12:00:21.1596"
    },
    {
      "makerOrderId": "675044533bb37e0007237c5e",
      "price": "0.42358",
      "sequence": "5975063920654340",
      "side": "sell",
      "size": "589.6",
      "symbol": "E4C-USDT",
      "takerOrderId": "67504455fd061e00074d47cc",
      "time": "1733313621113000000",
      "tradeId": "5975063920654340",
      "type": "match",
      "time_received": "12:00:21.1597"
    },
    {
      "makerOrderId": "67504455fe36bf0007d200b6",
      "price": "0.42221",
      "sequence": "5975063920654343",
      "side": "sell",
      "size": "117.8",
      "symbol": "E4C-USDT",
      "takerOrderId": "67504455fd061e00074d47cc",
      "time": "1733313621113000000",
      "tradeId": "5975063920654343",
      "type": "match",
      "time_received": "12:00:21.1597"
    },
    {
      "makerOrderId": "6750445541bdfd00074c604a",
      "price": "0.42221",
      "sequence": "5975063920654346",
      "side": "sell",
      "size": "117.8",
      "symbol": "E4C-USDT",
      "takerOrderId": "67504455fd061e00074d47cc",
      "time": "1733313621113000000",
      "tradeId": "5975063920654346",
      "type": "match",
      "time_received": "12:00:21.1597"
    },
    {
      "makerOrderId": "675044403bb37e000722e457",
      "price": "0.4",
      "sequence": "5975063920654349",
      "side": "sell",
      "size": "35",
      "symbol": "E4C-USDT",
      "takerOrderId": "67504455fd061e00074d47cc",
      "time": "1733313621113000000",
      "tradeId": "5975063920654349",
      "type": "match",
      "time_received": "12:00:21.1598"
    },
    {
      "makerOrderId": "675044533d4b3d0007a04a5f",
      "price": "0.29401",
      "sequence": "5975064195774465",
      "side": "sell",
      "size": "18.5",
      "symbol": "E4C-USDT",
      "takerOrderId": "675044557cf7ff00074f516b",
      "time": "1733313621714000000",
      "tradeId": "5975064195774465",
      "type": "match",
      "time_received": "12:00:21.7656"
    },
    {
      "makerOrderId": "67504453ff2a9e0007bfe316",
      "price": "0.29401",
      "sequence": "5975064195774468",
      "side": "sell",
      "size": "17",
      "symbol": "E4C-USDT",
      "takerOrderId": "675044557cf7ff00074f516b",
      "time": "1733313621714000000",
      "tradeId": "5975064195774468",
      "type": "match",
      "time_received": "12:00:21.7657"
    },
    {
      "makerOrderId": "675044558338b90007f1b542",
      "price": "0.29401",
      "sequence": "5975064195774471",
      "side": "sell",
      "size": "29.6",
      "symbol": "E4C-USDT",
      "takerOrderId": "675044557cf7ff00074f516b",
      "time": "1733313621714000000",
      "tradeId": "5975064195774471",
      "type": "match",
      "time_received": "12:00:21.7657"
    },
    {
      "makerOrderId": "67504455e775000007c5c8d6",
      "price": "0.29401",
      "sequence": "5975064195774474",
      "side": "sell",
      "size": "26.3",
      "symbol": "E4C-USDT",
      "takerOrderId": "675044557cf7ff00074f516b",
      "time": "1733313621714000000",
      "tradeId": "5975064195774474",
      "type": "match",
      "time_received": "12:00:21.7661"
    },
    {
      "makerOrderId": "67504455ff2a9e0007bff229",
      "price": "0.29401",
      "sequence": "5975064195774477",
      "side": "sell",
      "size": "26.3",
      "symbol": "E4C-USDT",
      "takerOrderId": "675044557cf7ff00074f516b",
      "time": "1733313621714000000",
      "tradeId": "5975064195774477",
      "type": "match",
      "time_received": "12:00:21.7662"
    },
    {
      "makerOrderId": "675044503d4b3d0007a047a6",
      "price": "0.294",
      "sequence": "5975064195774480",
      "side": "sell",
      "size": "43.8",
      "symbol": "E4C-USDT",
      "takerOrderId": "675044557cf7ff00074f516b",
      "time": "1733313621714000000",
      "tradeId": "5975064195774480",
      "type": "match",
      "time_received": "12:00:21.7662"
    },
    {
      "makerOrderId": "675044503d4b3d0007a047a6",
      "price": "0.294",
      "sequence": "5975064825968641",
      "side": "sell",
      "size": "126.2",
      "symbol": "E4C-USDT",
      "takerOrderId": "675044567cf7ff00074f5c72",
      "time": "1733313622921000000",
      "tradeId": "5975064825968641",
      "type": "match",
      "time_received": "12:00:22.9675"
    },
    {
      "makerOrderId": "675044567cf7ff00074f5c72",
      "price": "0.294",
      "sequence": "5975065086408705",
      "side": "buy",
      "size": "43.8",
      "symbol": "E4C-USDT",
      "takerOrderId": "67504457ecb8b200075b716a",
      "time": "1733313623584000000",
      "tradeId": "5975065086408705",
      "type": "match",
      "time_received": "12:00:23.6362"
    },
    {
      "makerOrderId": "675044572e6b3a0007ed8ec4",
      "price": "0.294",
      "sequence": "5975065086408708",
      "side": "buy",
      "size": "57.2",
      "symbol": "E4C-USDT",
      "takerOrderId": "67504457ecb8b200075b716a",
      "time": "1733313623584000000",
      "tradeId": "5975065086408708",
      "type": "match",
      "time_received": "12:00:23.6364"
    },
    {
      "makerOrderId": "675044573ecf4300071092ef",
      "price": "0.294",
      "sequence": "5975065086408711",
      "side": "buy",
      "size": "41.3",
      "symbol": "E4C-USDT",
      "takerOrderId": "67504457ecb8b200075b716a",
      "time": "1733313623584000000",
      "tradeId": "5975065086408711",
      "type": "match",
      "time_received": "12:00:23.6364"
    },
    {
      "makerOrderId": "67504457716ab300079e63d2",
      "price": "0.29401",
      "sequence": "5975065086408714",
      "side": "buy",
      "size": "64.1",
      "symbol": "E4C-USDT",
      "takerOrderId": "67504457ecb8b200075b716a",
      "time": "1733313623584000000",
      "tradeId": "5975065086408714",
      "type": "match",
      "time_received": "12:00:23.6365"
    },
    {
      "makerOrderId": "675044571e254f0007ee890b",
      "price": "0.29401",
      "sequence": "5975065086408717",
      "side": "buy",
      "size": "2.3",
      "symbol": "E4C-USDT",
      "takerOrderId": "67504457ecb8b200075b716a",
      "time": "1733313623584000000",
      "tradeId": "5975065086408717",
      "type": "match",
      "time_received": "12:00:23.6365"
    },
    {
      "makerOrderId": "675044571e254f0007ee890b",
      "price": "0.29401",
      "sequence": "5975065095452673",
      "side": "buy",
      "size": "77.3",
      "symbol": "E4C-USDT",
      "takerOrderId": "675044571e254f0007ee8974",
      "time": "1733313623608000000",
      "tradeId": "5975065095452673",
      "type": "match",
      "time_received": "12:00:23.6619"
    },
    {
      "makerOrderId": "675044573d4b3d0007a05062",
      "price": "0.28002",
      "sequence": "5975065428506625",
      "side": "sell",
      "size": "57.1",
      "symbol": "E4C-USDT",
      "takerOrderId": "67504458ecb8b200075b7803",
      "time": "1733313624342000000",
      "tradeId": "5975065428506625",
      "type": "match",
      "time_received": "12:00:24.3897"
    },
    {
      "makerOrderId": "6750445afd061e00074d6ec2",
      "price": "0.28003",
      "sequence": "5975066493335553",
      "side": "sell",
      "size": "20.4",
      "symbol": "E4C-USDT",
      "takerOrderId": "6750445a3ecf43000710ab9a",
      "time": "1733313626723000000",
      "tradeId": "5975066493335553",
      "type": "match",
      "time_received": "12:00:26.7689"
    },
    {
      "makerOrderId": "6750445a3ecf43000710a9ad",
      "price": "0.28003",
      "sequence": "5975066493335556",
      "side": "sell",
      "size": "20.4",
      "symbol": "E4C-USDT",
      "takerOrderId": "6750445a3ecf43000710ab9a",
      "time": "1733313626723000000",
      "tradeId": "5975066493335556",
      "type": "match",
      "time_received": "12:00:26.7690"
    },
    {
      "makerOrderId": "6750445ace816c00077e1f5e",
      "price": "0.28003",
      "sequence": "5975066493335559",
      "side": "sell",
      "size": "20.4",
      "symbol": "E4C-USDT",
      "takerOrderId": "6750445a3ecf43000710ab9a",
      "time": "1733313626723000000",
      "tradeId": "5975066493335559",
      "type": "match",
      "time_received": "12:00:26.7690"
    },
    {
      "makerOrderId": "67504457ecb8b200075b72a0",
      "price": "0.28002",
      "sequence": "5975066493335562",
      "side": "sell",
      "size": "47.7",
      "symbol": "E4C-USDT",
      "takerOrderId": "6750445a3ecf43000710ab9a",
      "time": "1733313626723000000",
      "tradeId": "5975066493335562",
      "type": "match",
      "time_received": "12:00:26.7692"
    },
    {
      "makerOrderId": "675044578338b90007f1c838",
      "price": "0.28002",
      "sequence": "5975066493335565",
      "side": "sell",
      "size": "54",
      "symbol": "E4C-USDT",
      "takerOrderId": "6750445a3ecf43000710ab9a",
      "time": "1733313626723000000",
      "tradeId": "5975066493335565",
      "type": "match",
      "time_received": "12:00:26.7692"
    },
    {
      "makerOrderId": "675044593d4b3d0007a05296",
      "price": "0.28002",
      "sequence": "5975066493335568",
      "side": "sell",
      "size": "24.6",
      "symbol": "E4C-USDT",
      "takerOrderId": "6750445a3ecf43000710ab9a",
      "time": "1733313626723000000",
      "tradeId": "5975066493335568",
      "type": "match",
      "time_received": "12:00:26.7693"
    },
    {
      "makerOrderId": "67504458fd80ce00072f2319",
      "price": "0.28001",
      "sequence": "5975066493335571",
      "side": "sell",
      "size": "54.3",
      "symbol": "E4C-USDT",
      "takerOrderId": "6750445a3ecf43000710ab9a",
      "time": "1733313626723000000",
      "tradeId": "5975066493335571",
      "type": "match",
      "time_received": "12:00:26.7693"
    },
    {
      "makerOrderId": "6750444dfd061e00074d12c2",
      "price": "0.2784",
      "sequence": "5975066493335574",
      "side": "sell",
      "size": "339.1",
      "symbol": "E4C-USDT",
      "takerOrderId": "6750445a3ecf43000710ab9a",
      "time": "1733313626723000000",
      "tradeId": "5975066493335574",
      "type": "match",
      "time_received": "12:00:26.7693"
    },
    {
      "makerOrderId": "6750445a9574f30007bc02ce",
      "price": "0.28002",
      "sequence": "5975066765965313",
      "side": "sell",
      "size": "104.3",
      "symbol": "E4C-USDT",
      "takerOrderId": "6750445b1e1c9e0007ff8dff",
      "time": "1733313627331000000",
      "tradeId": "5975066765965313",
      "type": "match",
      "time_received": "12:00:27.3825"
    },
    {
      "makerOrderId": "6750445b8338b90007f1e2b4",
      "price": "0.32803",
      "sequence": "5975066935965697",
      "side": "buy",
      "size": "50.1",
      "symbol": "E4C-USDT",
      "takerOrderId": "6750445becb8b200075b8f14",
      "time": "1733313627631000000",
      "tradeId": "5975066935965697",
      "type": "match",
      "time_received": "12:00:27.6940"
    },
    {
      "makerOrderId": "6750445b1ed0d80007a32d14",
      "price": "0.34161",
      "sequence": "5975066935965700",
      "side": "buy",
      "size": "160.9",
      "symbol": "E4C-USDT",
      "takerOrderId": "6750445becb8b200075b8f14",
      "time": "1733313627631000000",
      "tradeId": "5975066935965700",
      "type": "match",
      "time_received": "12:00:27.6941"
    },
    {
      "makerOrderId": "6750445b3bb37e000723b53a",
      "price": "0.34161",
      "sequence": "5975066935965703",
      "side": "buy",
      "size": "160.9",
      "symbol": "E4C-USDT",
      "takerOrderId": "6750445becb8b200075b8f14",
      "time": "1733313627631000000",
      "tradeId": "5975066935965703",
      "type": "match",
      "time_received": "12:00:27.6942"
    },
    {
      "makerOrderId": "6750445b7cf7ff00074f7b45",
      "price": "0.34161",
      "sequence": "5975066935965706",
      "side": "buy",
      "size": "81.6",
      "symbol": "E4C-USDT",
      "takerOrderId": "6750445becb8b200075b8f14",
      "time": "1733313627631000000",
      "tradeId": "5975066935965706",
      "type": "match",
      "time_received": "12:00:27.6942"
    },
    {
      "makerOrderId": "6750445a9574f30007bc02ce",
      "price": "0.28002",
      "sequence": "5975067125889025",
      "side": "sell",
      "size": "5.5",
      "symbol": "E4C-USDT",
      "takerOrderId": "6750445b3d4b3d0007a055a1",
      "time": "1733313627914000000",
      "tradeId": "5975067125889025",
      "type": "match",
      "time_received": "12:00:27.9647"
    },
    {
      "makerOrderId": "67504453fe36bf0007d1f482",
      "price": "0.27552",
      "sequence": "5975067125889028",
      "side": "sell",
      "size": "10",
      "symbol": "E4C-USDT",
      "takerOrderId": "6750445b3d4b3d0007a055a1",
      "time": "1733313627914000000",
      "tradeId": "5975067125889028",
      "type": "match",
      "time_received": "12:00:27.9649"
    },
    {
      "makerOrderId": "6750445cf51790000789a60c",
      "price": "0.27",
      "sequence": "5975067376760833",
      "side": "buy",
      "size": "63",
      "symbol": "E4C-USDT",
      "takerOrderId": "6750445cce816c00077e3017",
      "time": "1733313628412000000",
      "tradeId": "5975067376760833",
      "type": "match",
      "time_received": "12:00:28.4620"
    },
    {
      "makerOrderId": "6750445cf51790000789a60c",
      "price": "0.27",
      "sequence": "5975067659352065",
      "side": "buy",
      "size": "105.6",
      "symbol": "E4C-USDT",
      "takerOrderId": "6750445cf51790000789ac5a",
      "time": "1733313628912000000",
      "tradeId": "5975067659352065",
      "type": "match",
      "time_received": "12:00:28.9619"
    },
    {
      "makerOrderId": "6750445d3bb37e000723c919",
      "price": "0.22204",
      "sequence": "5975067989784577",
      "side": "sell",
      "size": "199.6",
      "symbol": "E4C-USDT",
      "takerOrderId": "6750445dff2a9e0007c031d6",
      "time": "1733313629643000000",
      "tradeId": "5975067989784577",
      "type": "match",
      "time_received": "12:00:29.6938"
    },
    {
      "makerOrderId": "6750445dfd80ce00072f484e",
      "price": "0.22204",
      "sequence": "5975067989784580",
      "side": "sell",
      "size": "199.6",
      "symbol": "E4C-USDT",
      "takerOrderId": "6750445dff2a9e0007c031d6",
      "time": "1733313629643000000",
      "tradeId": "5975067989784580",
      "type": "match",
      "time_received": "12:00:29.6942"
    },
    {
      "makerOrderId": "6750445de775000007c60364",
      "price": "0.22203",
      "sequence": "5975067989784583",
      "side": "sell",
      "size": "120.3",
      "symbol": "E4C-USDT",
      "takerOrderId": "6750445dff2a9e0007c031d6",
      "time": "1733313629643000000",
      "tradeId": "5975067989784583",
      "type": "match",
      "time_received": "12:00:29.6942"
    },
    {
      "makerOrderId": "675044493ecf430007102a02",
      "price": "0.222",
      "sequence": "5975067989784586",
      "side": "sell",
      "size": "299.1",
      "symbol": "E4C-USDT",
      "takerOrderId": "6750445dff2a9e0007c031d6",
      "time": "1733313629643000000",
      "tradeId": "5975067989784586",
      "type": "match",
      "time_received": "12:00:29.6943"
    },
    {
      "makerOrderId": "6750445cff2a9e0007c029f4",
      "price": "0.222",
      "sequence": "5975067989784589",
      "side": "sell",
      "size": "716.2",
      "symbol": "E4C-USDT",
      "takerOrderId": "6750445dff2a9e0007c031d6",
      "time": "1733313629643000000",
      "tradeId": "5975067989784589",
      "type": "match",
      "time_received": "12:00:29.6943"
    },
    {
      "makerOrderId": "6750445dff2a9e0007c031d6",
      "price": "0.222",
      "sequence": "5975068102244353",
      "side": "buy",
      "size": "444",
      "symbol": "E4C-USDT",
      "takerOrderId": "6750445dfe36bf0007d24566",
      "time": "1733313629868000000",
      "tradeId": "5975068102244353",
      "type": "match",
      "time_received": "12:00:29.9203"
    },
    {
      "makerOrderId": "6750444e9574f30007bba6dd",
      "price": "0.22",
      "sequence": "5975068371204097",
      "side": "sell",
      "size": "147.7",
      "symbol": "E4C-USDT",
      "takerOrderId": "6750445e3bb37e000723cf5e",
      "time": "1733313630466000000",
      "tradeId": "5975068371204097",
      "type": "match",
      "time_received": "12:00:30.5172"
    },
    {
      "makerOrderId": "6750444e9574f30007bba6dd",
      "price": "0.22",
      "sequence": "5975068823664641",
      "side": "sell",
      "size": "7.8",
      "symbol": "E4C-USDT",
      "takerOrderId": "6750445f3d4b3d0007a05988",
      "time": "1733313631409000000",
      "tradeId": "5975068823664641",
      "type": "match",
      "time_received": "12:00:31.4608"
    },
    {
      "makerOrderId": "6750445ffd061e00074d99ce",
      "price": "0.20001",
      "sequence": "5975069063788545",
      "side": "sell",
      "size": "34.9",
      "symbol": "E4C-USDT",
      "takerOrderId": "6750445f8338b90007f2054c",
      "time": "1733313631909000000",
      "tradeId": "5975069063788545",
      "type": "match",
      "time_received": "12:00:31.9612"
    },
    {
      "makerOrderId": "6750445ffe36bf0007d25385",
      "price": "0.20001",
      "sequence": "5975069063788548",
      "side": "sell",
      "size": "34.9",
      "symbol": "E4C-USDT",
      "takerOrderId": "6750445f8338b90007f2054c",
      "time": "1733313631909000000",
      "tradeId": "5975069063788548",
      "type": "match",
      "time_received": "12:00:31.9614"
    },
    {
      "makerOrderId": "6750445d2e6b3a0007edc12c",
      "price": "0.2",
      "sequence": "5975069063788551",
      "side": "sell",
      "size": "250",
      "symbol": "E4C-USDT",
      "takerOrderId": "6750445f8338b90007f2054c",
      "time": "1733313631909000000",
      "tradeId": "5975069063788551",
      "type": "match",
      "time_received": "12:00:31.9614"
    },
    {
      "makerOrderId": "6750445f8338b90007f2054c",
      "price": "0.2",
      "sequence": "5975069145315329",
      "side": "buy",
      "size": "11.5",
      "symbol": "E4C-USDT",
      "takerOrderId": "675044601e254f0007ee9345",
      "time": "1733313632060000000",
      "tradeId": "5975069145315329",
      "type": "match",
      "time_received": "12:00:32.1095"
    },
    {
      "makerOrderId": "67504460ecb8b200075bb75d",
      "price": "0.173",
      "sequence": "5975069644699649",
      "side": "sell",
      "size": "289",
      "symbol": "E4C-USDT",
      "takerOrderId": "675044617cf7ff00074fa897",
      "time": "1733313633278000000",
      "tradeId": "5975069644699649",
      "type": "match",
      "time_received": "12:00:33.3318"
    },
    {
      "makerOrderId": "675044603bb37e000723e07c",
      "price": "0.17102",
      "sequence": "5975069644699652",
      "side": "sell",
      "size": "31.4",
      "symbol": "E4C-USDT",
      "takerOrderId": "675044617cf7ff00074fa897",
      "time": "1733313633278000000",
      "tradeId": "5975069644699652",
      "type": "match",
      "time_received": "12:00:33.3319"
    },
    {
      "makerOrderId": "675044602e6b3a0007edd82a",
      "price": "0.17102",
      "sequence": "5975069644699655",
      "side": "sell",
      "size": "31.4",
      "symbol": "E4C-USDT",
      "takerOrderId": "675044617cf7ff00074fa897",
      "time": "1733313633278000000",
      "tradeId": "5975069644699655",
      "type": "match",
      "time_received": "12:00:33.3319"
    },
    {
      "makerOrderId": "6750445d8338b90007f1f136",
      "price": "0.171",
      "sequence": "5975069644699658",
      "side": "sell",
      "size": "203.5",
      "symbol": "E4C-USDT",
      "takerOrderId": "675044617cf7ff00074fa897",
      "time": "1733313633278000000",
      "tradeId": "5975069644699658",
      "type": "match",
      "time_received": "12:00:33.3320"
    },
    {
      "makerOrderId": "6750445d8338b90007f1f136",
      "price": "0.171",
      "sequence": "5975069650335745",
      "side": "sell",
      "size": "88.8",
      "symbol": "E4C-USDT",
      "takerOrderId": "675044611e254f0007ee94aa",
      "time": "1733313633295000000",
      "tradeId": "5975069650335745",
      "type": "match",
      "time_received": "12:00:33.3453"
    },
    {
      "makerOrderId": "67504460716ab300079eaa9d",
      "price": "0.171",
      "sequence": "5975069650335748",
      "side": "sell",
      "size": "73.4",
      "symbol": "E4C-USDT",
      "takerOrderId": "675044611e254f0007ee94aa",
      "time": "1733313633295000000",
      "tradeId": "5975069650335748",
      "type": "match",
      "time_received": "12:00:33.3454"
    },
    {
      "makerOrderId": "675044603ecf43000710d6f5",
      "price": "0.19999",
      "sequence": "5975070355503105",
      "side": "buy",
      "size": "63",
      "symbol": "E4C-USDT",
      "takerOrderId": "67504462aef36e000757209d",
      "time": "1733313634869000000",
      "tradeId": "5975070355503105",
      "type": "match",
      "time_received": "12:00:34.9212"
    },
    {
      "makerOrderId": "6750445f8338b90007f2054c",
      "price": "0.2",
      "sequence": "5975070355503108",
      "side": "buy",
      "size": "223.5",
      "symbol": "E4C-USDT",
      "takerOrderId": "67504462aef36e000757209d",
      "time": "1733313634869000000",
      "tradeId": "5975070355503108",
      "type": "match",
      "time_received": "12:00:34.9213"
    },
    {
      "makerOrderId": "67504463fd061e00074db2cb",
      "price": "0.19999",
      "sequence": "5975070669420545",
      "side": "buy",
      "size": "203.2",
      "symbol": "E4C-USDT",
      "takerOrderId": "67504463fd061e00074db3f3",
      "time": "1733313635504000000",
      "tradeId": "5975070669420545",
      "type": "match",
      "time_received": "12:00:35.5525"
    },
    {
      "makerOrderId": "6750445f8338b90007f2054c",
      "price": "0.2",
      "sequence": "5975070669420548",
      "side": "buy",
      "size": "137.6",
      "symbol": "E4C-USDT",
      "takerOrderId": "67504463fd061e00074db3f3",
      "time": "1733313635504000000",
      "tradeId": "5975070669420548",
      "type": "match",
      "time_received": "12:00:35.5525"
    },
    {
      "makerOrderId": "675044643d4b3d0007a05ea5",
      "price": "0.175",
      "sequence": "5975071059097601",
      "side": "sell",
      "size": "73.2",
      "symbol": "E4C-USDT",
      "takerOrderId": "675044647cf7ff00074fc0de",
      "time": "1733313636308000000",
      "tradeId": "5975071059097601",
      "type": "match",
      "time_received": "12:00:36.3599"
    },
    {
      "makerOrderId": "67504463a398ab000744b3b3",
      "price": "0.199",
      "sequence": "5975071159105537",
      "side": "buy",
      "size": "42.2",
      "symbol": "E4C-USDT",
      "takerOrderId": "6750446441bdfd00074cd567",
      "time": "1733313636506000000",
      "tradeId": "5975071159105537",
      "type": "match",
      "time_received": "12:00:36.5583"
    },
    {
      "makerOrderId": "67504463a398ab000744b3b3",
      "price": "0.199",
      "sequence": "5975072027195393",
      "side": "buy",
      "size": "39.4",
      "symbol": "E4C-USDT",
      "takerOrderId": "675044661e1c9e0007ffe61e",
      "time": "1733313638451000000",
      "tradeId": "5975072027195393",
      "type": "match",
      "time_received": "12:00:38.5017"
    },
    {
      "makerOrderId": "67504466f51790000789f502",
      "price": "0.17502",
      "sequence": "5975072103610369",
      "side": "sell",
      "size": "10",
      "symbol": "E4C-USDT",
      "takerOrderId": "675044669574f30007bc5ff8",
      "time": "1733313638676000000",
      "tradeId": "5975072103610369",
      "type": "match",
      "time_received": "12:00:38.7219"
    },
    {
      "makerOrderId": "675044648338b90007f22b00",
      "price": "0.17501",
      "sequence": "5975072103610372",
      "side": "sell",
      "size": "75.4",
      "symbol": "E4C-USDT",
      "takerOrderId": "675044669574f30007bc5ff8",
      "time": "1733313638676000000",
      "tradeId": "5975072103610372",
      "type": "match",
      "time_received": "12:00:38.7220"
    },
    {
      "makerOrderId": "675044643d4b3d0007a05ea5",
      "price": "0.175",
      "sequence": "5975072103610375",
      "side": "sell",
      "size": "212.5",
      "symbol": "E4C-USDT",
      "takerOrderId": "675044669574f30007bc5ff8",
      "time": "1733313638676000000",
      "tradeId": "5975072103610375",
      "type": "match",
      "time_received": "12:00:38.7295"
    },
    {
      "makerOrderId": "67504466aef36e0007573d94",
      "price": "0.17313",
      "sequence": "5975072103610378",
      "side": "sell",
      "size": "199.4",
      "symbol": "E4C-USDT",
      "takerOrderId": "675044669574f30007bc5ff8",
      "time": "1733313638676000000",
      "tradeId": "5975072103610378",
      "type": "match",
      "time_received": "12:00:38.7297"
    },
    {
      "makerOrderId": "675044621ed0d80007a36434",
      "price": "0.17101",
      "sequence": "5975072103610381",
      "side": "sell",
      "size": "1289",
      "symbol": "E4C-USDT",
      "takerOrderId": "675044669574f30007bc5ff8",
      "time": "1733313638676000000",
      "tradeId": "5975072103610381",
      "type": "match",
      "time_received": "12:00:38.7297"
    },
    {
      "makerOrderId": "67504460716ab300079eaa9d",
      "price": "0.171",
      "sequence": "5975072103610384",
      "side": "sell",
      "size": "218.9",
      "symbol": "E4C-USDT",
      "takerOrderId": "675044669574f30007bc5ff8",
      "time": "1733313638676000000",
      "tradeId": "5975072103610384",
      "type": "match",
      "time_received": "12:00:38.7302"
    },
    {
      "makerOrderId": "6750445c7cf7ff00074f8963",
      "price": "0.17",
      "sequence": "5975072103610387",
      "side": "sell",
      "size": "94.7",
      "symbol": "E4C-USDT",
      "takerOrderId": "675044669574f30007bc5ff8",
      "time": "1733313638676000000",
      "tradeId": "5975072103610387",
      "type": "match",
      "time_received": "12:00:38.7303"
    },
    {
      "makerOrderId": "675044667cf7ff00074fd518",
      "price": "0.19899",
      "sequence": "5975072418576385",
      "side": "buy",
      "size": "10",
      "symbol": "E4C-USDT",
      "takerOrderId": "6750446741bdfd00074cebe2",
      "time": "1733313639441000000",
      "tradeId": "5975072418576385",
      "type": "match",
      "time_received": "12:00:39.4902"
    },
    {
      "makerOrderId": "67504466fd80ce00072f8deb",
      "price": "0.19899",
      "sequence": "5975072418576388",
      "side": "buy",
      "size": "269.5",
      "symbol": "E4C-USDT",
      "takerOrderId": "6750446741bdfd00074cebe2",
      "time": "1733313639441000000",
      "tradeId": "5975072418576388",
      "type": "match",
      "time_received": "12:00:39.4903"
    },
    {
      "makerOrderId": "67504466a398ab000744cb01",
      "price": "0.19899",
      "sequence": "5975072418576391",
      "side": "buy",
      "size": "16",
      "symbol": "E4C-USDT",
      "takerOrderId": "6750446741bdfd00074cebe2",
      "time": "1733313639441000000",
      "tradeId": "5975072418576391",
      "type": "match",
      "time_received": "12:00:39.4903"
    },
    {
      "makerOrderId": "67504468a398ab000744d57d",
      "price": "0.19",
      "sequence": "5975073034614785",
      "side": "buy",
      "size": "45.4",
      "symbol": "E4C-USDT",
      "takerOrderId": "67504468ce816c00077e8c44",
      "time": "1733313640989000000",
      "tradeId": "5975073034614785",
      "type": "match",
      "time_received": "12:00:41.0431"
    },
    {
      "makerOrderId": "67504468a398ab000744d57d",
      "price": "0.19",
      "sequence": "5975073306064897",
      "side": "buy",
      "size": "253.7",
      "symbol": "E4C-USDT",
      "takerOrderId": "675044698338b90007f24cc0",
      "time": "1733313641638000000",
      "tradeId": "5975073306064897",
      "type": "match",
      "time_received": "12:00:41.6888"
    },
    {
      "makerOrderId": "67504468a398ab000744d774",
      "price": "0.19",
      "sequence": "5975073306064900",
      "side": "buy",
      "size": "54",
      "symbol": "E4C-USDT",
      "takerOrderId": "675044698338b90007f24cc0",
      "time": "1733313641638000000",
      "tradeId": "5975073306064900",
      "type": "match",
      "time_received": "12:00:41.6888"
    },
    {
      "makerOrderId": "675044688338b90007f24815",
      "price": "0.19",
      "sequence": "5975073306064903",
      "side": "buy",
      "size": "47.7",
      "symbol": "E4C-USDT",
      "takerOrderId": "675044698338b90007f24cc0",
      "time": "1733313641638000000",
      "tradeId": "5975073306064903",
      "type": "match",
      "time_received": "12:00:41.6889"
    },
    {
      "makerOrderId": "67504468aef36e0007574e92",
      "price": "0.19001",
      "sequence": "5975073306064906",
      "side": "buy",
      "size": "54.3",
      "symbol": "E4C-USDT",
      "takerOrderId": "675044698338b90007f24cc0",
      "time": "1733313641638000000",
      "tradeId": "5975073306064906",
      "type": "match",
      "time_received": "12:00:41.6889"
    },
    {
      "makerOrderId": "675044683d4b3d0007a06412",
      "price": "0.19001",
      "sequence": "5975073306064909",
      "side": "buy",
      "size": "81.7",
      "symbol": "E4C-USDT",
      "takerOrderId": "675044698338b90007f24cc0",
      "time": "1733313641638000000",
      "tradeId": "5975073306064909",
      "type": "match",
      "time_received": "12:00:41.6890"
    },
    {
      "makerOrderId": "675044697cf7ff00074fe5d9",
      "price": "0.19611",
      "sequence": "5975073306064912",
      "side": "buy",
      "size": "69.3",
      "symbol": "E4C-USDT",
      "takerOrderId": "675044698338b90007f24cc0",
      "time": "1733313641638000000",
      "tradeId": "5975073306064912",
      "type": "match",
      "time_received": "12:00:41.6893"
    },
    {
      "makerOrderId": "6750446c2e6b3a0007ee2931",
      "price": "0.17449",
      "sequence": "5975074529884161",
      "side": "sell",
      "size": "10",
      "symbol": "E4C-USDT",
      "takerOrderId": "6750446cff2a9e0007c09c15",
      "time": "1733313644738000000",
      "tradeId": "5975074529884161",
      "type": "match",
      "time_received": "12:00:44.7868"
    },
    {
      "makerOrderId": "6750446cff2a9e0007c09acf",
      "price": "0.17449",
      "sequence": "5975074529884164",
      "side": "sell",
      "size": "272.4",
      "symbol": "E4C-USDT",
      "takerOrderId": "6750446cff2a9e0007c09c15",
      "time": "1733313644738000000",
      "tradeId": "5975074529884164",
      "type": "match",
      "time_received": "12:00:44.7869"
    },
    {
      "makerOrderId": "6750446cfe36bf0007d2adb0",
      "price": "0.17449",
      "sequence": "5975074529884167",
      "side": "sell",
      "size": "88.2",
      "symbol": "E4C-USDT",
      "takerOrderId": "6750446cff2a9e0007c09c15",
      "time": "1733313644738000000",
      "tradeId": "5975074529884167",
      "type": "match",
      "time_received": "12:00:44.7869"
    },
    {
      "makerOrderId": "67504469a398ab000744dd58",
      "price": "0.17445",
      "sequence": "5975074529884170",
      "side": "sell",
      "size": "64.4",
      "symbol": "E4C-USDT",
      "takerOrderId": "6750446cff2a9e0007c09c15",
      "time": "1733313644738000000",
      "tradeId": "5975074529884170",
      "type": "match",
      "time_received": "12:00:44.7870"
    },
    {
      "makerOrderId": "675044692e6b3a0007ee18b6",
      "price": "0.17445",
      "sequence": "5975074529884173",
      "side": "sell",
      "size": "64.1",
      "symbol": "E4C-USDT",
      "takerOrderId": "6750446cff2a9e0007c09c15",
      "time": "1733313644738000000",
      "tradeId": "5975074529884173",
      "type": "match",
      "time_received": "12:00:44.7872"
    },
    {
      "makerOrderId": "675044691e254f0007ee9e0f",
      "price": "0.17445",
      "sequence": "5975074529884176",
      "side": "sell",
      "size": "78.9",
      "symbol": "E4C-USDT",
      "takerOrderId": "6750446cff2a9e0007c09c15",
      "time": "1733313644738000000",
      "tradeId": "5975074529884176",
      "type": "match",
      "time_received": "12:00:44.7873"
    },
    {
      "makerOrderId": "67504469ce816c00077e9247",
      "price": "0.17445",
      "sequence": "5975074529884179",
      "side": "sell",
      "size": "56.6",
      "symbol": "E4C-USDT",
      "takerOrderId": "6750446cff2a9e0007c09c15",
      "time": "1733313644738000000",
      "tradeId": "5975074529884179",
      "type": "match",
      "time_received": "12:00:44.7873"
    },
    {
      "makerOrderId": "6750446c1e254f0007eea08e",
      "price": "0.17",
      "sequence": "5975074529884182",
      "side": "sell",
      "size": "5863.3",
      "symbol": "E4C-USDT",
      "takerOrderId": "6750446cff2a9e0007c09c15",
      "time": "1733313644738000000",
      "tradeId": "5975074529884182",
      "type": "match",
      "time_received": "12:00:44.7873"
    },
    {
      "makerOrderId": "6750446cf5179000078a1ba9",
      "price": "0.19268",
      "sequence": "5975074561865729",
      "side": "buy",
      "size": "94.8",
      "symbol": "E4C-USDT",
      "takerOrderId": "6750446c2e6b3a0007ee2ba9",
      "time": "1733313644838000000",
      "tradeId": "5975074561865729",
      "type": "match",
      "time_received": "12:00:44.8887"
    },
    {
      "makerOrderId": "6750446c8338b90007f26184",
      "price": "0.19267",
      "sequence": "5975074889021441",
      "side": "buy",
      "size": "10",
      "symbol": "E4C-USDT",
      "takerOrderId": "6750446dce816c00077ea942",
      "time": "1733313645477000000",
      "tradeId": "5975074889021441",
      "type": "match",
      "time_received": "12:00:45.5288"
    },
    {
      "makerOrderId": "6750446c9574f30007bc882f",
      "price": "0.19267",
      "sequence": "5975074889021444",
      "side": "buy",
      "size": "272.4",
      "symbol": "E4C-USDT",
      "takerOrderId": "6750446dce816c00077ea942",
      "time": "1733313645477000000",
      "tradeId": "5975074889021444",
      "type": "match",
      "time_received": "12:00:45.5289"
    },
    {
      "makerOrderId": "6750446dfd061e00074df787",
      "price": "0.19267",
      "sequence": "5975074889021447",
      "side": "buy",
      "size": "107.1",
      "symbol": "E4C-USDT",
      "takerOrderId": "6750446dce816c00077ea942",
      "time": "1733313645477000000",
      "tradeId": "5975074889021447",
      "type": "match",
      "time_received": "12:00:45.5290"
    },
    {
      "makerOrderId": "6750446d1e1c9e00070012e0",
      "price": "0.17449",
      "sequence": "5975074982082561",
      "side": "sell",
      "size": "21.1",
      "symbol": "E4C-USDT",
      "takerOrderId": "6750446d8338b90007f26624",
      "time": "1733313645654000000",
      "tradeId": "5975074982082561",
      "type": "match",
      "time_received": "12:00:45.7083"
    },
    {
      "makerOrderId": "6750446e9574f30007bc9577",
      "price": "0.19265",
      "sequence": "5975075596810241",
      "side": "buy",
      "size": "75.4",
      "symbol": "E4C-USDT",
      "takerOrderId": "6750446e8338b90007f26fe2",
      "time": "1733313646986000000",
      "tradeId": "5975075596810241",
      "type": "match",
      "time_received": "12:00:47.0362"
    },
    {
      "makerOrderId": "6750446decb8b200075c1164",
      "price": "0.19799",
      "sequence": "5975075596810244",
      "side": "buy",
      "size": "2.2",
      "symbol": "E4C-USDT",
      "takerOrderId": "6750446e8338b90007f26fe2",
      "time": "1733313646986000000",
      "tradeId": "5975075596810244",
      "type": "match",
      "time_received": "12:00:47.0364"
    },
    {
      "makerOrderId": "6750446decb8b200075c1164",
      "price": "0.19799",
      "sequence": "5975075609131009",
      "side": "buy",
      "size": "68.3",
      "symbol": "E4C-USDT",
      "takerOrderId": "6750446f1e1c9e0007001d7a",
      "time": "1733313647015000000",
      "tradeId": "5975075609131009",
      "type": "match",
      "time_received": "12:00:47.0639"
    },
    {
      "makerOrderId": "67504468e775000007c65a71",
      "price": "0.198",
      "sequence": "5975075609131012",
      "side": "buy",
      "size": "886.7",
      "symbol": "E4C-USDT",
      "takerOrderId": "6750446f1e1c9e0007001d7a",
      "time": "1733313647015000000",
      "tradeId": "5975075609131012",
      "type": "match",
      "time_received": "12:00:47.0640"
    },
    {
      "makerOrderId": "6750446c716ab300079eff23",
      "price": "0.198",
      "sequence": "5975075609131015",
      "side": "buy",
      "size": "644.5",
      "symbol": "E4C-USDT",
      "takerOrderId": "6750446f1e1c9e0007001d7a",
      "time": "1733313647015000000",
      "tradeId": "5975075609131015",
      "type": "match",
      "time_received": "12:00:47.0641"
    },
    {
      "makerOrderId": "6750446041bdfd00074cb78b",
      "price": "0.2",
      "sequence": "5975075609131018",
      "side": "buy",
      "size": "250",
      "symbol": "E4C-USDT",
      "takerOrderId": "6750446f1e1c9e0007001d7a",
      "time": "1733313647015000000",
      "tradeId": "5975075609131018",
      "type": "match",
      "time_received": "12:00:47.0642"
    },
    {
      "makerOrderId": "675044622e6b3a0007eddfb2",
      "price": "0.2",
      "sequence": "5975075609131021",
      "side": "buy",
      "size": "707",
      "symbol": "E4C-USDT",
      "takerOrderId": "6750446f1e1c9e0007001d7a",
      "time": "1733313647015000000",
      "tradeId": "5975075609131021",
      "type": "match",
      "time_received": "12:00:47.0642"
    },
    {
      "makerOrderId": "6750446f1e1c9e0007001d7a",
      "price": "0.2",
      "sequence": "5975075633903617",
      "side": "sell",
      "size": "64.1",
      "symbol": "E4C-USDT",
      "takerOrderId": "6750446fce816c00077eb51d",
      "time": "1733313647106000000",
      "tradeId": "5975075633903617",
      "type": "match",
      "time_received": "12:00:47.1843"
    },
    {
      "makerOrderId": "6750446f1e1c9e0007001d7a",
      "price": "0.2",
      "sequence": "5975075634690049",
      "side": "sell",
      "size": "64.4",
      "symbol": "E4C-USDT",
      "takerOrderId": "6750446f3ecf430007113efc",
      "time": "1733313647125000000",
      "tradeId": "5975075634690049",
      "type": "match",
      "time_received": "12:00:47.2065"
    },
    {
      "makerOrderId": "6750446f1e1c9e0007001d7a",
      "price": "0.2",
      "sequence": "5975075635869697",
      "side": "sell",
      "size": "56.6",
      "symbol": "E4C-USDT",
      "takerOrderId": "6750446f7cf7ff0007500afa",
      "time": "1733313647125000000",
      "tradeId": "5975075635869697",
      "type": "match",
      "time_received": "12:00:47.2065"
    },
    {
      "makerOrderId": "6750446f1e1c9e0007001d7a",
      "price": "0.2",
      "sequence": "5975075650025473",
      "side": "sell",
      "size": "78.9",
      "symbol": "E4C-USDT",
      "takerOrderId": "6750446f3d4b3d0007a06964",
      "time": "1733313647154000000",
      "tradeId": "5975075650025473",
      "type": "match",
      "time_received": "12:00:47.3029"
    },
    {
      "makerOrderId": "6750446f1e254f0007eea34e",
      "price": "0.20001",
      "sequence": "5975075788699649",
      "side": "sell",
      "size": "76.5",
      "symbol": "E4C-USDT",
      "takerOrderId": "6750446ffd061e00074e08f0",
      "time": "1733313647467000000",
      "tradeId": "5975075788699649",
      "type": "match",
      "time_received": "12:00:47.5306"
    },
    {
      "makerOrderId": "6750446fe775000007c6859e",
      "price": "0.20001",
      "sequence": "5975075788699652",
      "side": "sell",
      "size": "62.1",
      "symbol": "E4C-USDT",
      "takerOrderId": "6750446ffd061e00074e08f0",
      "time": "1733313647467000000",
      "tradeId": "5975075788699652",
      "type": "match",
      "time_received": "12:00:47.5307"
    },
    {
      "makerOrderId": "6750446ffd80ce00072fc5e0",
      "price": "0.20001",
      "sequence": "5975075788699655",
      "side": "sell",
      "size": "54.9",
      "symbol": "E4C-USDT",
      "takerOrderId": "6750446ffd061e00074e08f0",
      "time": "1733313647467000000",
      "tradeId": "5975075788699655",
      "type": "match",
      "time_received": "12:00:47.5308"
    },
    {
      "makerOrderId": "6750446ffd80ce00072fc5eb",
      "price": "0.20001",
      "sequence": "5975075788699658",
      "side": "sell",
      "size": "62.4",
      "symbol": "E4C-USDT",
      "takerOrderId": "6750446ffd061e00074e08f0",
      "time": "1733313647467000000",
      "tradeId": "5975075788699658",
      "type": "match",
      "time_received": "12:00:47.5308"
    },
    {
      "makerOrderId": "6750446f1e1c9e0007001d7a",
      "price": "0.2",
      "sequence": "5975075788699661",
      "side": "sell",
      "size": "1870.8",
      "symbol": "E4C-USDT",
      "takerOrderId": "6750446ffd061e00074e08f0",
      "time": "1733313647467000000",
      "tradeId": "5975075788699661",
      "type": "match",
      "time_received": "12:00:47.5309"
    },
    {
      "makerOrderId": "6750445cf51790000789a60c",
      "price": "0.27",
      "sequence": "5975075821205505",
      "side": "buy",
      "size": "88.4",
      "symbol": "E4C-USDT",
      "takerOrderId": "6750446fb1d2ab0007393f0d",
      "time": "1733313647557000000",
      "tradeId": "5975075821205505",
      "type": "match",
      "time_received": "12:00:47.6998"
    },
    {
      "makerOrderId": "6750446f1e1c9e0007001d7a",
      "price": "0.2",
      "sequence": "5975075887003649",
      "side": "sell",
      "size": "1769.4",
      "symbol": "E4C-USDT",
      "takerOrderId": "6750446ff5179000078a328a",
      "time": "1733313647723000000",
      "tradeId": "5975075887003649",
      "type": "match",
      "time_received": "12:00:47.8097"
    },
    {
      "makerOrderId": "6750446faef36e0007577c28",
      "price": "0.18703",
      "sequence": "5975075887003652",
      "side": "sell",
      "size": "10",
      "symbol": "E4C-USDT",
      "takerOrderId": "6750446ff5179000078a328a",
      "time": "1733313647723000000",
      "tradeId": "5975075887003652",
      "type": "match",
      "time_received": "12:00:47.8101"
    },
    {
      "makerOrderId": "6750446ffd80ce00072fc909",
      "price": "0.18253",
      "sequence": "5975075966040065",
      "side": "sell",
      "size": "212.8",
      "symbol": "E4C-USDT",
      "takerOrderId": "6750446ff5179000078a33bb",
      "time": "1733313647907000000",
      "tradeId": "5975075966040065",
      "type": "match",
      "time_received": "12:00:47.9608"
    },
    {
      "makerOrderId": "6750446ffe36bf0007d2c48a",
      "price": "0.18253",
      "sequence": "5975075966040068",
      "side": "sell",
      "size": "212.8",
      "symbol": "E4C-USDT",
      "takerOrderId": "6750446ff5179000078a33bb",
      "time": "1733313647907000000",
      "tradeId": "5975075966040068",
      "type": "match",
      "time_received": "12:00:47.9608"
    },
    {
      "makerOrderId": "6750446d1e1c9e00070012e0",
      "price": "0.17449",
      "sequence": "5975075966040071",
      "side": "sell",
      "size": "27.8",
      "symbol": "E4C-USDT",
      "takerOrderId": "6750446ff5179000078a33bb",
      "time": "1733313647907000000",
      "tradeId": "5975075966040071",
      "type": "match",
      "time_received": "12:00:47.9609"
    },
    {
      "makerOrderId": "6750446ffd061e00074e0bf0",
      "price": "0.20336",
      "sequence": "5975075970889729",
      "side": "sell",
      "size": "491",
      "symbol": "E4C-USDT",
      "takerOrderId": "6750446faef36e0007577d94",
      "time": "1733313647918000000",
      "tradeId": "5975075970889729",
      "type": "match",
      "time_received": "12:00:48.0201"
    },
    {
      "makerOrderId": "6750446fa398ab0007450685",
      "price": "0.20025",
      "sequence": "5975075996841985",
      "side": "sell",
      "size": "249.6",
      "symbol": "E4C-USDT",
      "takerOrderId": "6750446f716ab300079f170e",
      "time": "1733313647987000000",
      "tradeId": "5975075996841985",
      "type": "match",
      "time_received": "12:00:48.1079"
    },
    {
      "makerOrderId": "6750446d1e1c9e00070012e0",
      "price": "0.17449",
      "sequence": "5975075996973057",
      "side": "sell",
      "size": "147.7",
      "symbol": "E4C-USDT",
      "takerOrderId": "6750446f3ecf4300071145cd",
      "time": "1733313647987000000",
      "tradeId": "5975075996973057",
      "type": "match",
      "time_received": "12:00:48.1081"
    },
    {
      "makerOrderId": "6750446c1e254f0007eea08e",
      "price": "0.17",
      "sequence": "5975075996973060",
      "side": "sell",
      "size": "29",
      "symbol": "E4C-USDT",
      "takerOrderId": "6750446f3ecf4300071145cd",
      "time": "1733313647987000000",
      "tradeId": "5975075996973060",
      "type": "match",
      "time_received": "12:00:48.1081"
    },
    {
      "makerOrderId": "6750446e41bdfd00074d1bd4",
      "price": "0.17",
      "sequence": "5975075996973063",
      "side": "sell",
      "size": "1026.2",
      "symbol": "E4C-USDT",
      "takerOrderId": "6750446f3ecf4300071145cd",
      "time": "1733313647987000000",
      "tradeId": "5975075996973063",
      "type": "match",
      "time_received": "12:00:48.1082"
    },
    {
      "makerOrderId": "6750446e41bdfd00074d1bd4",
      "price": "0.17",
      "sequence": "5975076006803457",
      "side": "sell",
      "size": "316.9",
      "symbol": "E4C-USDT",
      "takerOrderId": "67504470fd061e00074e0c84",
      "time": "1733313648015000000",
      "tradeId": "5975076006803457",
      "type": "match",
      "time_received": "12:00:48.1090"
    },
    {
      "makerOrderId": "675044707cf7ff000750139d",
      "price": "0.2065",
      "sequence": "5975076213241857",
      "side": "sell",
      "size": "2097.8",
      "symbol": "E4C-USDT",
      "takerOrderId": "675044709574f30007bca1e8",
      "time": "1733313648492000000",
      "tradeId": "5975076213241857",
      "type": "match",
      "time_received": "12:00:48.5457"
    },
    {
      "makerOrderId": "675044707cf7ff000750139d",
      "price": "0.2065",
      "sequence": "5975076214290433",
      "side": "sell",
      "size": "226.6",
      "symbol": "E4C-USDT",
      "takerOrderId": "675044703ecf4300071149d1",
      "time": "1733313648494000000",
      "tradeId": "5975076214290433",
      "type": "match",
      "time_received": "12:00:48.5458"
    },
    {
      "makerOrderId": "675044703ecf4300071149d9",
      "price": "0.2007",
      "sequence": "5975076340119553",
      "side": "sell",
      "size": "237.1",
      "symbol": "E4C-USDT",
      "takerOrderId": "67504470b1d2ab000739479a",
      "time": "1733313648757000000",
      "tradeId": "5975076340119553",
      "type": "match",
      "time_received": "12:00:48.8038"
    },
    {
      "makerOrderId": "675044703ecf4300071149d9",
      "price": "0.2007",
      "sequence": "5975076415223809",
      "side": "sell",
      "size": "230.8",
      "symbol": "E4C-USDT",
      "takerOrderId": "675044701ed0d80007a3ca50",
      "time": "1733313648884000000",
      "tradeId": "5975076415223809",
      "type": "match",
      "time_received": "12:00:48.9359"
    },
    {
      "makerOrderId": "675044703ecf4300071149d9",
      "price": "0.2007",
      "sequence": "5975076415354881",
      "side": "sell",
      "size": "1264.9",
      "symbol": "E4C-USDT",
      "takerOrderId": "67504470a398ab0007450d6f",
      "time": "1733313648884000000",
      "tradeId": "5975076415354881",
      "type": "match",
      "time_received": "12:00:48.9360"
    },
    {
      "makerOrderId": "675044703ecf4300071149d9",
      "price": "0.2007",
      "sequence": "5975076417976321",
      "side": "sell",
      "size": "478.5",
      "symbol": "E4C-USDT",
      "takerOrderId": "67504470aef36e0007578491",
      "time": "1733313648889000000",
      "tradeId": "5975076417976321",
      "type": "match",
      "time_received": "12:00:48.9423"
    },
    {
      "makerOrderId": "675044703ecf4300071149d9",
      "price": "0.2007",
      "sequence": "5975076458084353",
      "side": "sell",
      "size": "279.9",
      "symbol": "E4C-USDT",
      "takerOrderId": "675044702e6b3a0007ee493d",
      "time": "1733313648995000000",
      "tradeId": "5975076458084353",
      "type": "match",
      "time_received": "12:00:49.0501"
    },
    {
      "makerOrderId": "67504470fd061e00074e1306",
      "price": "0.23944",
      "sequence": "5975076468307969",
      "side": "buy",
      "size": "14",
      "symbol": "E4C-USDT",
      "takerOrderId": "675044713d4b3d0007a06b45",
      "time": "1733313649017000000",
      "tradeId": "5975076468307969",
      "type": "match",
      "time_received": "12:00:49.0672"
    },
    {
      "makerOrderId": "67504470716ab300079f1b5e",
      "price": "0.20026",
      "sequence": "5975076470011905",
      "side": "sell",
      "size": "11",
      "symbol": "E4C-USDT",
      "takerOrderId": "67504471b1d2ab000739490a",
      "time": "1733313649023000000",
      "tradeId": "5975076470011905",
      "type": "match",
      "time_received": "12:00:49.0752"
    },
    {
      "makerOrderId": "67504470fd80ce00072fca61",
      "price": "0.20025",
      "sequence": "5975076470011908",
      "side": "sell",
      "size": "249.6",
      "symbol": "E4C-USDT",
      "takerOrderId": "67504471b1d2ab000739490a",
      "time": "1733313649023000000",
      "tradeId": "5975076470011908",
      "type": "match",
      "time_received": "12:00:49.0753"
    },
    {
      "makerOrderId": "675044707cf7ff0007501688",
      "price": "0.1937",
      "sequence": "5975076500813825",
      "side": "sell",
      "size": "51.6",
      "symbol": "E4C-USDT",
      "takerOrderId": "67504471ff2a9e0007c0baac",
      "time": "1733313649096000000",
      "tradeId": "5975076500813825",
      "type": "match",
      "time_received": "12:00:49.1494"
    },
    {
      "makerOrderId": "67504471b1d2ab000739490a",
      "price": "0.19611",
      "sequence": "5975076558616577",
      "side": "buy",
      "size": "1724.3",
      "symbol": "E4C-USDT",
      "takerOrderId": "675044711e254f0007eea4e3",
      "time": "1733313649221000000",
      "tradeId": "5975076558616577",
      "type": "match",
      "time_received": "12:00:49.2741"
    },
    {
      "makerOrderId": "67504471b1d2ab000739490a",
      "price": "0.19611",
      "sequence": "5975076591122433",
      "side": "buy",
      "size": "69.8",
      "symbol": "E4C-USDT",
      "takerOrderId": "675044713bb37e00072453c8",
      "time": "1733313649301000000",
      "tradeId": "5975076591122433",
      "type": "match",
      "time_received": "12:00:49.3505"
    },
    {
      "makerOrderId": "67504470a398ab0007450dcb",
      "price": "0.19305",
      "sequence": "5975076612225025",
      "side": "sell",
      "size": "129.5",
      "symbol": "E4C-USDT",
      "takerOrderId": "675044719574f30007bca6ed",
      "time": "1733313649346000000",
      "tradeId": "5975076612225025",
      "type": "match",
      "time_received": "12:00:49.3970"
    },
    {
      "makerOrderId": "67504471f5179000078a3cf6",
      "price": "0.187",
      "sequence": "5975076612225028",
      "side": "sell",
      "size": "267.3",
      "symbol": "E4C-USDT",
      "takerOrderId": "675044719574f30007bca6ed",
      "time": "1733313649346000000",
      "tradeId": "5975076612225028",
      "type": "match",
      "time_received": "12:00:49.3971"
    },
    {
      "makerOrderId": "67504470ff2a9e0007c0b80c",
      "price": "0.1848",
      "sequence": "5975076612225031",
      "side": "sell",
      "size": "541.1",
      "symbol": "E4C-USDT",
      "takerOrderId": "675044719574f30007bca6ed",
      "time": "1733313649346000000",
      "tradeId": "5975076612225031",
      "type": "match",
      "time_received": "12:00:49.3972"
    },
    {
      "makerOrderId": "67504470fd061e00074e133c",
      "price": "0.1845",
      "sequence": "5975076612225034",
      "side": "sell",
      "size": "542",
      "symbol": "E4C-USDT",
      "takerOrderId": "675044719574f30007bca6ed",
      "time": "1733313649346000000",
      "tradeId": "5975076612225034",
      "type": "match",
      "time_received": "12:00:49.3972"
    },
    {
      "makerOrderId": "67504471e775000007c69102",
      "price": "0.1843",
      "sequence": "5975076612225037",
      "side": "sell",
      "size": "108.5",
      "symbol": "E4C-USDT",
      "takerOrderId": "675044719574f30007bca6ed",
      "time": "1733313649346000000",
      "tradeId": "5975076612225037",
      "type": "match",
      "time_received": "12:00:49.3973"
    },
    {
      "makerOrderId": "67504471aef36e000757864b",
      "price": "0.184",
      "sequence": "5975076612225040",
      "side": "sell",
      "size": "271.7",
      "symbol": "E4C-USDT",
      "takerOrderId": "675044719574f30007bca6ed",
      "time": "1733313649346000000",
      "tradeId": "5975076612225040",
      "type": "match",
      "time_received": "12:00:49.3973"
    },
    {
      "makerOrderId": "675044701ed0d80007a3c875",
      "price": "0.181",
      "sequence": "5975076612225043",
      "side": "sell",
      "size": "276.2",
      "symbol": "E4C-USDT",
      "takerOrderId": "675044719574f30007bca6ed",
      "time": "1733313649346000000",
      "tradeId": "5975076612225043",
      "type": "match",
      "time_received": "12:00:49.3973"
    },
    {
      "makerOrderId": "67504470fe36bf0007d2cb58",
      "price": "0.181",
      "sequence": "5975076612225046",
      "side": "sell",
      "size": "276.2",
      "symbol": "E4C-USDT",
      "takerOrderId": "675044719574f30007bca6ed",
      "time": "1733313649346000000",
      "tradeId": "5975076612225046",
      "type": "match",
      "time_received": "12:00:49.3974"
    },
    {
      "makerOrderId": "67504470b1d2ab00073948f2",
      "price": "0.18",
      "sequence": "5975076612225049",
      "side": "sell",
      "size": "2777.7",
      "symbol": "E4C-USDT",
      "takerOrderId": "675044719574f30007bca6ed",
      "time": "1733313649346000000",
      "tradeId": "5975076612225049",
      "type": "match",
      "time_received": "12:00:49.3975"
    },
    {
      "makerOrderId": "675044712e6b3a0007ee4a29",
      "price": "0.18",
      "sequence": "5975076612225052",
      "side": "sell",
      "size": "2777.7",
      "symbol": "E4C-USDT",
      "takerOrderId": "675044719574f30007bca6ed",
      "time": "1733313649346000000",
      "tradeId": "5975076612225052",
      "type": "match",
      "time_received": "12:00:49.3975"
    },
    {
      "makerOrderId": "67504471fe36bf0007d2cd10",
      "price": "0.179",
      "sequence": "5975076612225055",
      "side": "sell",
      "size": "279.3",
      "symbol": "E4C-USDT",
      "takerOrderId": "675044719574f30007bca6ed",
      "time": "1733313649346000000",
      "tradeId": "5975076612225055",
      "type": "match",
      "time_received": "12:00:49.3986"
    },
    {
      "makerOrderId": "67504470fd061e00074e10e7",
      "price": "0.1786",
      "sequence": "5975076612225058",
      "side": "sell",
      "size": "111.9",
      "symbol": "E4C-USDT",
      "takerOrderId": "675044719574f30007bca6ed",
      "time": "1733313649346000000",
      "tradeId": "5975076612225058",
      "type": "match",
      "time_received": "12:00:49.3986"
    },
    {
      "makerOrderId": "675044707cf7ff0007501802",
      "price": "0.178",
      "sequence": "5975076612225061",
      "side": "sell",
      "size": "280.8",
      "symbol": "E4C-USDT",
      "takerOrderId": "675044719574f30007bca6ed",
      "time": "1733313649346000000",
      "tradeId": "5975076612225061",
      "type": "match",
      "time_received": "12:00:49.3987"
    },
    {
      "makerOrderId": "67504470fd061e00074e1159",
      "price": "0.17755",
      "sequence": "5975076612225064",
      "side": "sell",
      "size": "788.5",
      "symbol": "E4C-USDT",
      "takerOrderId": "675044719574f30007bca6ed",
      "time": "1733313649346000000",
      "tradeId": "5975076612225064",
      "type": "match",
      "time_received": "12:00:49.3987"
    },
    {
      "makerOrderId": "675044702e6b3a0007ee45ec",
      "price": "0.177",
      "sequence": "5975076612225067",
      "side": "sell",
      "size": "282.4",
      "symbol": "E4C-USDT",
      "takerOrderId": "675044719574f30007bca6ed",
      "time": "1733313649346000000",
      "tradeId": "5975076612225067",
      "type": "match",
      "time_received": "12:00:49.3987"
    },
    {
      "makerOrderId": "675044712e6b3a0007ee4b64",
      "price": "0.17689",
      "sequence": "5975076612225070",
      "side": "sell",
      "size": "1413.3",
      "symbol": "E4C-USDT",
      "takerOrderId": "675044719574f30007bca6ed",
      "time": "1733313649346000000",
      "tradeId": "5975076612225070",
      "type": "match",
      "time_received": "12:00:49.3988"
    },
    {
      "makerOrderId": "67504470b1d2ab000739447b",
      "price": "0.175",
      "sequence": "5975076612225073",
      "side": "sell",
      "size": "285.7",
      "symbol": "E4C-USDT",
      "takerOrderId": "675044719574f30007bca6ed",
      "time": "1733313649346000000",
      "tradeId": "5975076612225073",
      "type": "match",
      "time_received": "12:00:49.3988"
    },
    {
      "makerOrderId": "675044701e1c9e0007002938",
      "price": "0.1739",
      "sequence": "5975076612225076",
      "side": "sell",
      "size": "344.4",
      "symbol": "E4C-USDT",
      "takerOrderId": "675044719574f30007bca6ed",
      "time": "1733313649346000000",
      "tradeId": "5975076612225076",
      "type": "match",
      "time_received": "12:00:49.3988"
    },
    {
      "makerOrderId": "67504471b1d2ab000739490a",
      "price": "0.19611",
      "sequence": "5975076639094785",
      "side": "buy",
      "size": "180.2",
      "symbol": "E4C-USDT",
      "takerOrderId": "67504471ff2a9e0007c0bc92",
      "time": "1733313649416000000",
      "tradeId": "5975076639094785",
      "type": "match",
      "time_received": "12:00:49.4688"
    },
    {
      "makerOrderId": "67504471716ab300079f1f36",
      "price": "0.19611",
      "sequence": "5975076639094788",
      "side": "buy",
      "size": "54.9",
      "symbol": "E4C-USDT",
      "takerOrderId": "67504471ff2a9e0007c0bc92",
      "time": "1733313649416000000",
      "tradeId": "5975076639094788",
      "type": "match",
      "time_received": "12:00:49.4689"
    },
    {
      "makerOrderId": "675044711ed0d80007a3cc36",
      "price": "0.19611",
      "sequence": "5975076639094791",
      "side": "buy",
      "size": "14.5",
      "symbol": "E4C-USDT",
      "takerOrderId": "67504471ff2a9e0007c0bc92",
      "time": "1733313649416000000",
      "tradeId": "5975076639094791",
      "type": "match",
      "time_received": "12:00:49.4690"
    },
    {
      "makerOrderId": "67504471ce816c00077ec81c",
      "price": "0.20494",
      "sequence": "5975076868995073",
      "side": "sell",
      "size": "52.5",
      "symbol": "E4C-USDT",
      "takerOrderId": "67504471b1d2ab0007394efd",
      "time": "1733313649985000000",
      "tradeId": "5975076868995073",
      "type": "match",
      "time_received": "12:00:50.0355"
    },
    {
      "makerOrderId": "67504471fd80ce00072fd4d6",
      "price": "0.20493",
      "sequence": "5975076868995076",
      "side": "sell",
      "size": "121.9",
      "symbol": "E4C-USDT",
      "takerOrderId": "67504471b1d2ab0007394efd",
      "time": "1733313649985000000",
      "tradeId": "5975076868995076",
      "type": "match",
      "time_received": "12:00:50.0356"
    },
    {
      "makerOrderId": "67504471ce816c00077ec773",
      "price": "0.189",
      "sequence": "5975076868995079",
      "side": "sell",
      "size": "352.1",
      "symbol": "E4C-USDT",
      "takerOrderId": "67504471b1d2ab0007394efd",
      "time": "1733313649985000000",
      "tradeId": "5975076868995079",
      "type": "match",
      "time_received": "12:00:50.0357"
    },
    {
      "makerOrderId": "67504472b1d2ab0007394f3d",
      "price": "0.19443",
      "sequence": "5975076912379905",
      "side": "sell",
      "size": "12.2",
      "symbol": "E4C-USDT",
      "takerOrderId": "67504472fe36bf0007d2d39f",
      "time": "1733313650124000000",
      "tradeId": "5975076912379905",
      "type": "match",
      "time_received": "12:00:50.1810"
    },
    {
      "makerOrderId": "67504472b1d2ab0007394f79",
      "price": "0.19443",
      "sequence": "5975076912379908",
      "side": "sell",
      "size": "12.2",
      "symbol": "E4C-USDT",
      "takerOrderId": "67504472fe36bf0007d2d39f",
      "time": "1733313650124000000",
      "tradeId": "5975076912379908",
      "type": "match",
      "time_received": "12:00:50.1812"
    },
    {
      "makerOrderId": "67504471ce816c00077ec773",
      "price": "0.189",
      "sequence": "5975076912379911",
      "side": "sell",
      "size": "177",
      "symbol": "E4C-USDT",
      "takerOrderId": "67504472fe36bf0007d2d39f",
      "time": "1733313650124000000",
      "tradeId": "5975076912379911",
      "type": "match",
      "time_received": "12:00:50.1813"
    },
    {
      "makerOrderId": "675044711e1c9e0007002f69",
      "price": "0.1829",
      "sequence": "5975076912379914",
      "side": "sell",
      "size": "424.3",
      "symbol": "E4C-USDT",
      "takerOrderId": "67504472fe36bf0007d2d39f",
      "time": "1733313650124000000",
      "tradeId": "5975076912379914",
      "type": "match",
      "time_received": "12:00:50.1814"
    },
    {
      "makerOrderId": "675044729574f30007bcae9c",
      "price": "0.22",
      "sequence": "5975077117769729",
      "side": "sell",
      "size": "2777.7",
      "symbol": "E4C-USDT",
      "takerOrderId": "67504472aef36e0007578f38",
      "time": "1733313650658000000",
      "tradeId": "5975077117769729",
      "type": "match",
      "time_received": "12:00:50.7076"
    },
    {
      "makerOrderId": "675044729574f30007bcae9c",
      "price": "0.22",
      "sequence": "5975077316474881",
      "side": "sell",
      "size": "146.4",
      "symbol": "E4C-USDT",
      "takerOrderId": "675044739574f30007bcb1b9",
      "time": "1733313651145000000",
      "tradeId": "5975077316474881",
      "type": "match",
      "time_received": "12:00:51.1959"
    },
    {
      "makerOrderId": "67504472ce816c00077ece7a",
      "price": "0.1872",
      "sequence": "5975077318309889",
      "side": "sell",
      "size": "1335.4",
      "symbol": "E4C-USDT",
      "takerOrderId": "675044733bb37e0007245ea3",
      "time": "1733313651150000000",
      "tradeId": "5975077318309889",
      "type": "match",
      "time_received": "12:00:51.2036"
    },
    {
      "makerOrderId": "675044711e1c9e0007002f69",
      "price": "0.1829",
      "sequence": "5975077318309892",
      "side": "sell",
      "size": "926.1",
      "symbol": "E4C-USDT",
      "takerOrderId": "675044733bb37e0007245ea3",
      "time": "1733313651150000000",
      "tradeId": "5975077318309892",
      "type": "match",
      "time_received": "12:00:51.2037"
    },
    {
      "makerOrderId": "675044711e1c9e0007002f69",
      "price": "0.1829",
      "sequence": "5975077414778881",
      "side": "sell",
      "size": "1383.3",
      "symbol": "E4C-USDT",
      "takerOrderId": "675044737cf7ff00075026c6",
      "time": "1733313651400000000",
      "tradeId": "5975077414778881",
      "type": "match",
      "time_received": "12:00:51.4483"
    },
    {
      "makerOrderId": "67504472b1d2ab000739533c",
      "price": "0.18063",
      "sequence": "5975077414778884",
      "side": "sell",
      "size": "878.2",
      "symbol": "E4C-USDT",
      "takerOrderId": "675044737cf7ff00075026c6",
      "time": "1733313651400000000",
      "tradeId": "5975077414778884",
      "type": "match",
      "time_received": "12:00:51.4484"
    },
    {
      "makerOrderId": "67504473ff2a9e0007c0c9e1",
      "price": "0.19611",
      "sequence": "5975077547292673",
      "side": "sell",
      "size": "154.4",
      "symbol": "E4C-USDT",
      "takerOrderId": "67504473a398ab0007451ea2",
      "time": "1733313651743000000",
      "tradeId": "5975077547292673",
      "type": "match",
      "time_received": "12:00:51.7951"
    },
    {
      "makerOrderId": "67504473fd80ce00072fe068",
      "price": "0.18291",
      "sequence": "5975077547292676",
      "side": "sell",
      "size": "32",
      "symbol": "E4C-USDT",
      "takerOrderId": "67504473a398ab0007451ea2",
      "time": "1733313651743000000",
      "tradeId": "5975077547292676",
      "type": "match",
      "time_received": "12:00:51.7952"
    },
    {
      "makerOrderId": "67504473ff2a9e0007c0c9c7",
      "price": "0.18064",
      "sequence": "5975077547292679",
      "side": "sell",
      "size": "33.5",
      "symbol": "E4C-USDT",
      "takerOrderId": "67504473a398ab0007451ea2",
      "time": "1733313651743000000",
      "tradeId": "5975077547292679",
      "type": "match",
      "time_received": "12:00:51.7953"
    },
    {
      "makerOrderId": "67504472b1d2ab000739533c",
      "price": "0.18063",
      "sequence": "5975077547292682",
      "side": "sell",
      "size": "323.3",
      "symbol": "E4C-USDT",
      "takerOrderId": "67504473a398ab0007451ea2",
      "time": "1733313651743000000",
      "tradeId": "5975077547292682",
      "type": "match",
      "time_received": "12:00:51.7953"
    },
    {
      "makerOrderId": "675044731ed0d80007a3dbee",
      "price": "0.2",
      "sequence": "5975077685573633",
      "side": "sell",
      "size": "17.4",
      "symbol": "E4C-USDT",
      "takerOrderId": "675044749574f30007bcb6b8",
      "time": "1733313652064000000",
      "tradeId": "5975077685573633",
      "type": "match",
      "time_received": "12:00:52.1171"
    },
    {
      "makerOrderId": "675044732e6b3a0007ee59ea",
      "price": "0.192",
      "sequence": "5975077685573636",
      "side": "sell",
      "size": "1127.4",
      "symbol": "E4C-USDT",
      "takerOrderId": "675044749574f30007bcb6b8",
      "time": "1733313652064000000",
      "tradeId": "5975077685573636",
      "type": "match",
      "time_received": "12:00:52.1172"
    },
    {
      "makerOrderId": "675044732e6b3a0007ee59ea",
      "price": "0.192",
      "sequence": "5975077687146497",
      "side": "sell",
      "size": "378.2",
      "symbol": "E4C-USDT",
      "takerOrderId": "675044743bb37e000724644b",
      "time": "1733313652067000000",
      "tradeId": "5975077687146497",
      "type": "match",
      "time_received": "12:00:52.1172"
    },
    {
      "makerOrderId": "6750447541bdfd00074d42d8",
      "price": "0.19267",
      "sequence": "5975078106707969",
      "side": "sell",
      "size": "402.3",
      "symbol": "E4C-USDT",
      "takerOrderId": "67504475ce816c00077edb02",
      "time": "1733313653129000000",
      "tradeId": "5975078106707969",
      "type": "match",
      "time_received": "12:00:53.1837"
    },
    {
      "makerOrderId": "6750447541bdfd00074d42d8",
      "price": "0.19267",
      "sequence": "5975078121650177",
      "side": "sell",
      "size": "354.2",
      "symbol": "E4C-USDT",
      "takerOrderId": "67504475fd061e00074e2c11",
      "time": "1733313653169000000",
      "tradeId": "5975078121650177",
      "type": "match",
      "time_received": "12:00:53.2197"
    },
    {
      "makerOrderId": "6750447541bdfd00074d42d8",
      "price": "0.19267",
      "sequence": "5975078121781249",
      "side": "sell",
      "size": "474.9",
      "symbol": "E4C-USDT",
      "takerOrderId": "6750447541bdfd00074d43c0",
      "time": "1733313653169000000",
      "tradeId": "5975078121781249",
      "type": "match",
      "time_received": "12:00:53.2198"
    },
    {
      "makerOrderId": "67504475ff2a9e0007c0d5c0",
      "price": "0.2",
      "sequence": "5975078261504001",
      "side": "sell",
      "size": "328.3",
      "symbol": "E4C-USDT",
      "takerOrderId": "67504475ecb8b200075c4547",
      "time": "1733313653501000000",
      "tradeId": "5975078261504001",
      "type": "match",
      "time_received": "12:00:53.5559"
    },
    {
      "makerOrderId": "6750447441bdfd00074d404d",
      "price": "0.2033",
      "sequence": "5975078274873345",
      "side": "buy",
      "size": "74",
      "symbol": "E4C-USDT",
      "takerOrderId": "675044751e1c9e0007004804",
      "time": "1733313653533000000",
      "tradeId": "5975078274873345",
      "type": "match",
      "time_received": "12:00:53.5784"
    },
    {
      "makerOrderId": "67504474ff2a9e0007c0d0ba",
      "price": "0.2033",
      "sequence": "5975078274873348",
      "side": "buy",
      "size": "52.5",
      "symbol": "E4C-USDT",
      "takerOrderId": "675044751e1c9e0007004804",
      "time": "1733313653533000000",
      "tradeId": "5975078274873348",
      "type": "match",
      "time_received": "12:00:53.5784"
    },
    {
      "makerOrderId": "67504474a398ab000745254f",
      "price": "0.20331",
      "sequence": "5975078274873351",
      "side": "buy",
      "size": "47.6",
      "symbol": "E4C-USDT",
      "takerOrderId": "675044751e1c9e0007004804",
      "time": "1733313653533000000",
      "tradeId": "5975078274873351",
      "type": "match",
      "time_received": "12:00:53.5785"
    },
    {
      "makerOrderId": "67504474ecb8b200075c3fbd",
      "price": "0.20331",
      "sequence": "5975078274873354",
      "side": "buy",
      "size": "53.1",
      "symbol": "E4C-USDT",
      "takerOrderId": "675044751e1c9e0007004804",
      "time": "1733313653533000000",
      "tradeId": "5975078274873354",
      "type": "match",
      "time_received": "12:00:53.5786"
    },
    {
      "makerOrderId": "67504475ff2a9e0007c0d5c0",
      "price": "0.2",
      "sequence": "5975078487472129",
      "side": "sell",
      "size": "171.7",
      "symbol": "E4C-USDT",
      "takerOrderId": "67504476b1d2ab00073968b1",
      "time": "1733313654064000000",
      "tradeId": "5975078487472129",
      "type": "match",
      "time_received": "12:00:54.1174"
    },
    {
      "makerOrderId": "67504475716ab300079f3b13",
      "price": "0.19268",
      "sequence": "5975078487472132",
      "side": "sell",
      "size": "55.2",
      "symbol": "E4C-USDT",
      "takerOrderId": "67504476b1d2ab00073968b1",
      "time": "1733313654064000000",
      "tradeId": "5975078487472132",
      "type": "match",
      "time_received": "12:00:54.1176"
    },
    {
      "makerOrderId": "6750447541bdfd00074d42d8",
      "price": "0.19267",
      "sequence": "5975078487472135",
      "side": "sell",
      "size": "454.7",
      "symbol": "E4C-USDT",
      "takerOrderId": "67504476b1d2ab00073968b1",
      "time": "1733313654064000000",
      "tradeId": "5975078487472135",
      "type": "match",
      "time_received": "12:00:54.1176"
    },
    {
      "makerOrderId": "675044763bb37e00072473e7",
      "price": "0.19268",
      "sequence": "5975078680803329",
      "side": "sell",
      "size": "64.6",
      "symbol": "E4C-USDT",
      "takerOrderId": "675044763bb37e000724756e",
      "time": "1733313654610000000",
      "tradeId": "5975078680803329",
      "type": "match",
      "time_received": "12:00:54.6590"
    },
    {
      "makerOrderId": "6750447541bdfd00074d42d8",
      "price": "0.19267",
      "sequence": "5975078680803332",
      "side": "sell",
      "size": "313.9",
      "symbol": "E4C-USDT",
      "takerOrderId": "675044763bb37e000724756e",
      "time": "1733313654610000000",
      "tradeId": "5975078680803332",
      "type": "match",
      "time_received": "12:00:54.6591"
    },
    {
      "makerOrderId": "67504476aef36e000757a530",
      "price": "0.18625",
      "sequence": "5975078680803335",
      "side": "sell",
      "size": "59.5",
      "symbol": "E4C-USDT",
      "takerOrderId": "675044763bb37e000724756e",
      "time": "1733313654610000000",
      "tradeId": "5975078680803335",
      "type": "match",
      "time_received": "12:00:54.6593"
    },
    {
      "makerOrderId": "67504474e775000007c6a457",
      "price": "0.18624",
      "sequence": "5975078680803338",
      "side": "sell",
      "size": "33.6",
      "symbol": "E4C-USDT",
      "takerOrderId": "675044763bb37e000724756e",
      "time": "1733313654610000000",
      "tradeId": "5975078680803338",
      "type": "match",
      "time_received": "12:00:54.6593"
    },
    {
      "makerOrderId": "67504474e775000007c6a457",
      "price": "0.18624",
      "sequence": "5975078749222913",
      "side": "sell",
      "size": "234.8",
      "symbol": "E4C-USDT",
      "takerOrderId": "67504476f5179000078a5e71",
      "time": "1733313654770000000",
      "tradeId": "5975078749222913",
      "type": "match",
      "time_received": "12:00:54.8207"
    },
    {
      "makerOrderId": "675044761e1c9e0007004c15",
      "price": "0.185",
      "sequence": "5975078749222916",
      "side": "sell",
      "size": "266",
      "symbol": "E4C-USDT",
      "takerOrderId": "67504476f5179000078a5e71",
      "time": "1733313654770000000",
      "tradeId": "5975078749222916",
      "type": "match",
      "time_received": "12:00:54.8208"
    },
    {
      "makerOrderId": "67504476a398ab0007453206",
      "price": "0.19267",
      "sequence": "5975078917388289",
      "side": "buy",
      "size": "298.2",
      "symbol": "E4C-USDT",
      "takerOrderId": "67504477b1d2ab0007396e52",
      "time": "1733313655058000000",
      "tradeId": "5975078917388289",
      "type": "match",
      "time_received": "12:00:55.1077"
    },
    {
      "makerOrderId": "67504477fd061e00074e37fb",
      "price": "0.19268",
      "sequence": "5975078917388292",
      "side": "buy",
      "size": "55.2",
      "symbol": "E4C-USDT",
      "takerOrderId": "67504477b1d2ab0007396e52",
      "time": "1733313655058000000",
      "tradeId": "5975078917388292",
      "type": "match",
      "time_received": "12:00:55.1078"
    },
    {
      "makerOrderId": "675044769574f30007bcc419",
      "price": "0.201",
      "sequence": "5975078917388295",
      "side": "buy",
      "size": "2219.6",
      "symbol": "E4C-USDT",
      "takerOrderId": "67504477b1d2ab0007396e52",
      "time": "1733313655058000000",
      "tradeId": "5975078917388295",
      "type": "match",
      "time_received": "12:00:55.1078"
    },
    {
      "makerOrderId": "67504476f5179000078a5c04",
      "price": "0.20242",
      "sequence": "5975078917388298",
      "side": "buy",
      "size": "414.7",
      "symbol": "E4C-USDT",
      "takerOrderId": "67504477b1d2ab0007396e52",
      "time": "1733313655058000000",
      "tradeId": "5975078917388298",
      "type": "match",
      "time_received": "12:00:55.1079"
    },
    {
      "makerOrderId": "675044761e1c9e0007004f43",
      "price": "0.20274",
      "sequence": "5975078917388301",
      "side": "buy",
      "size": "10",
      "symbol": "E4C-USDT",
      "takerOrderId": "67504477b1d2ab0007396e52",
      "time": "1733313655058000000",
      "tradeId": "5975078917388301",
      "type": "match",
      "time_received": "12:00:55.1081"
    },
    {
      "makerOrderId": "67504476e775000007c6b435",
      "price": "0.20524",
      "sequence": "5975078917388304",
      "side": "buy",
      "size": "91.3",
      "symbol": "E4C-USDT",
      "takerOrderId": "67504477b1d2ab0007396e52",
      "time": "1733313655058000000",
      "tradeId": "5975078917388304",
      "type": "match",
      "time_received": "12:00:55.1082"
    },
    {
      "makerOrderId": "67504477f5179000078a6345",
      "price": "0.1886",
      "sequence": "5975079127103489",
      "side": "sell",
      "size": "79.5",
      "symbol": "E4C-USDT",
      "takerOrderId": "675044772e6b3a0007ee71b8",
      "time": "1733313655661000000",
      "tradeId": "5975079127103489",
      "type": "match",
      "time_received": "12:00:55.7121"
    },
    {
      "makerOrderId": "675044771e1c9e00070051c4",
      "price": "0.18501",
      "sequence": "5975079127103492",
      "side": "sell",
      "size": "12.5",
      "symbol": "E4C-USDT",
      "takerOrderId": "675044772e6b3a0007ee71b8",
      "time": "1733313655661000000",
      "tradeId": "5975079127103492",
      "type": "match",
      "time_received": "12:00:55.7123"
    },
    {
      "makerOrderId": "675044761e1c9e0007004c15",
      "price": "0.185",
      "sequence": "5975079127103495",
      "side": "sell",
      "size": "1085.3",
      "symbol": "E4C-USDT",
      "takerOrderId": "675044772e6b3a0007ee71b8",
      "time": "1733313655661000000",
      "tradeId": "5975079127103495",
      "type": "match",
      "time_received": "12:00:55.7124"
    },
    {
      "makerOrderId": "6750447441bdfd00074d4035",
      "price": "0.18445",
      "sequence": "5975079127103498",
      "side": "sell",
      "size": "1084.2",
      "symbol": "E4C-USDT",
      "takerOrderId": "675044772e6b3a0007ee71b8",
      "time": "1733313655661000000",
      "tradeId": "5975079127103498",
      "type": "match",
      "time_received": "12:00:55.7124"
    },
    {
      "makerOrderId": "675044772e6b3a0007ee71f1",
      "price": "0.18501",
      "sequence": "5975079241791489",
      "side": "sell",
      "size": "54",
      "symbol": "E4C-USDT",
      "takerOrderId": "675044773bb37e0007247d30",
      "time": "1733313655920000000",
      "tradeId": "5975079241791489",
      "type": "match",
      "time_received": "12:00:55.9728"
    },
    {
      "makerOrderId": "675044773ecf43000711760f",
      "price": "0.1848",
      "sequence": "5975079241791492",
      "side": "sell",
      "size": "81.1",
      "symbol": "E4C-USDT",
      "takerOrderId": "675044773bb37e0007247d30",
      "time": "1733313655920000000",
      "tradeId": "5975079241791492",
      "type": "match",
      "time_received": "12:00:55.9730"
    },
    {
      "makerOrderId": "6750447441bdfd00074d4035",
      "price": "0.18445",
      "sequence": "5975079241791495",
      "side": "sell",
      "size": "0.1",
      "symbol": "E4C-USDT",
      "takerOrderId": "675044773bb37e0007247d30",
