/root/trading_systems/tradingvenv/bin/python: can't open file '/root/trading_systems/kucoin_dir/kucoin_testing_best_bid_ask_ws.py': [Errno 2] No such file or directory
  File "/root/trading_systems/kucoin_dir/kucoin_testing_best_bid_ask_ws.py", line 16
    */14 * * * * /root/trading_systems/tradingvenv/bin/python /root/trading_systems/kucoin_dir/kucoin_testing_best_bid_ask_ws.py >> /root/trading_systems/kucoin_dir/cronlogs/kucoin_testing_best_bid_ask_ws.log 2>&1
     ^
SyntaxError: invalid syntax
07:42:01.583 - INFO - Lock acquired. - acquire_lock
07:42:01.592 - INFO - Starting script - main
07:42:01.592 - INFO - Release time and date: 09-11-2024 07:42:11.592 - get_price_websocket_best_ask_bid
07:42:02.016 - INFO - Subscription request sent for SWELL-USDT - initialize_websocket
07:42:02.086 - INFO - Successfully subscribed to SWELL-USDT - wait_for_subscription
07:42:02.087 - INFO - 25 seconds left until token release - wait_until_listing
07:42:11.593 - DEBUG - Received data: {'id': '1731138122016', 'type': 'pong'} - get_price_websocket_best_ask_bid
07:42:11.593 - DEBUG - Received data: {'topic': '/spotMarket/level2Depth5:SWELL-USDT', 'type': 'message', 'subject': 'level2', 'data': {'asks': [['0.064251', '1058'], ['0.064252', '313'], ['0.064255', '7663'], ['0.064319', '2979'], ['0.06432', '7663']], 'bids': [['0.064211', '1'], ['0.063996', '14090'], ['0.063905', '7663'], ['0.063892', '124'], ['0.06384', '2454']], 'timestamp': 1731138122092}} - get_price_websocket_best_ask_bid
07:42:11.593 - INFO - data from WebSocket: {'asks': [['0.064251', '1058'], ['0.064252', '313'], ['0.064255', '7663'], ['0.064319', '2979'], ['0.06432', '7663']], 'bids': [['0.064211', '1'], ['0.063996', '14090'], ['0.063905', '7663'], ['0.063892', '124'], ['0.06384', '2454']], 'timestamp': 1731138122092}  - get_price_websocket_best_ask_bid
07:42:11.593 - DEBUG - Data from socket: {'asks': [['0.064251', '1058'], ['0.064252', '313'], ['0.064255', '7663'], ['0.064319', '2979'], ['0.06432', '7663']], 'bids': [['0.064211', '1'], ['0.063996', '14090'], ['0.063905', '7663'], ['0.063892', '124'], ['0.06384', '2454']], 'timestamp': 1731138122092} - get_price_websocket_best_ask_bid
07:42:11.664 - INFO - Lock released. - release_lock
Successfully retrieved SWELL price: {'asks': [['0.064251', '1058'], ['0.064252', '313'], ['0.064255', '7663'], ['0.064319', '2979'], ['0.06432', '7663']], 'bids': [['0.064211', '1'], ['0.063996', '14090'], ['0.063905', '7663'], ['0.063892', '124'], ['0.06384', '2454']], 'timestamp': 1731138122092}
2024-11-09 07:42:11.664671 script finished
======================================
07:56:01.948 - INFO - Lock acquired. - acquire_lock
07:56:01.949 - INFO - Starting script - main
07:56:01.949 - INFO - Release time and date: 09-11-2024 07:56:11.949 - get_price_websocket_best_ask_bid
07:56:02.361 - INFO - Subscription request sent for SWELL-USDT - initialize_websocket
07:56:02.434 - INFO - Successfully subscribed to SWELL-USDT - wait_for_subscription
07:56:02.435 - INFO - 25 seconds left until token release - wait_until_listing
07:56:11.950 - DEBUG - Received data: {'id': '1731138962362', 'type': 'pong'} - get_price_websocket_best_ask_bid
07:56:11.950 - DEBUG - Received data: {'topic': '/spotMarket/level2Depth5:SWELL-USDT', 'type': 'message', 'subject': 'level2', 'data': {'asks': [['0.063104', '680'], ['0.063171', '7663'], ['0.063238', '7663'], ['0.063274', '50574'], ['0.063306', '14250']], 'bids': [['0.063005', '16406'], ['0.062917', '14210'], ['0.062856', '7663'], ['0.062814', '1319'], ['0.062802', '2420']], 'timestamp': 1731138962420}} - get_price_websocket_best_ask_bid
07:56:11.950 - INFO - data from WebSocket: {'asks': [['0.063104', '680'], ['0.063171', '7663'], ['0.063238', '7663'], ['0.063274', '50574'], ['0.063306', '14250']], 'bids': [['0.063005', '16406'], ['0.062917', '14210'], ['0.062856', '7663'], ['0.062814', '1319'], ['0.062802', '2420']], 'timestamp': 1731138962420}  - get_price_websocket_best_ask_bid
07:56:11.950 - DEBUG - Data from socket: {'asks': [['0.063104', '680'], ['0.063171', '7663'], ['0.063238', '7663'], ['0.063274', '50574'], ['0.063306', '14250']], 'bids': [['0.063005', '16406'], ['0.062917', '14210'], ['0.062856', '7663'], ['0.062814', '1319'], ['0.062802', '2420']], 'timestamp': 1731138962420} - get_price_websocket_best_ask_bid
07:56:12.020 - INFO - Lock released. - release_lock
Successfully retrieved SWELL price: {'asks': [['0.063104', '680'], ['0.063171', '7663'], ['0.063238', '7663'], ['0.063274', '50574'], ['0.063306', '14250']], 'bids': [['0.063005', '16406'], ['0.062917', '14210'], ['0.062856', '7663'], ['0.062814', '1319'], ['0.062802', '2420']], 'timestamp': 1731138962420}
2024-11-09 07:56:12.020453 script finished
======================================
08:00:01.104 - INFO - Lock acquired. - acquire_lock
08:00:01.109 - INFO - Starting script - main
08:00:01.109 - INFO - Release time and date: 09-11-2024 08:00:11.109 - get_price_websocket_best_ask_bid
08:00:01.908 - INFO - Subscription request sent for SWELL-USDT - initialize_websocket
08:00:02.330 - INFO - Successfully subscribed to SWELL-USDT - wait_for_subscription
08:00:02.331 - INFO - 25 seconds left until token release - wait_until_listing
08:00:11.111 - DEBUG - Received data: {'id': '1731139201909', 'type': 'pong'} - get_price_websocket_best_ask_bid
08:00:11.111 - DEBUG - Received data: {'topic': '/spotMarket/level2Depth5:SWELL-USDT', 'type': 'message', 'subject': 'level2', 'data': {'asks': [['0.063599', '7663'], ['0.063651', '14220'], ['0.063667', '7663'], ['0.063706', '50231'], ['0.063707', '175']], 'bids': [['0.063278', '7663'], ['0.063203', '104'], ['0.063202', '7663'], ['0.063198', '14230'], ['0.063137', '4221']], 'timestamp': 1731139202176}} - get_price_websocket_best_ask_bid
08:00:11.111 - INFO - data from WebSocket: {'asks': [['0.063599', '7663'], ['0.063651', '14220'], ['0.063667', '7663'], ['0.063706', '50231'], ['0.063707', '175']], 'bids': [['0.063278', '7663'], ['0.063203', '104'], ['0.063202', '7663'], ['0.063198', '14230'], ['0.063137', '4221']], 'timestamp': 1731139202176}  - get_price_websocket_best_ask_bid
08:00:11.111 - DEBUG - Data from socket: {'asks': [['0.063599', '7663'], ['0.063651', '14220'], ['0.063667', '7663'], ['0.063706', '50231'], ['0.063707', '175']], 'bids': [['0.063278', '7663'], ['0.063203', '104'], ['0.063202', '7663'], ['0.063198', '14230'], ['0.063137', '4221']], 'timestamp': 1731139202176} - get_price_websocket_best_ask_bid
08:00:11.356 - INFO - Lock released. - release_lock
Successfully retrieved SWELL price: {'asks': [['0.063599', '7663'], ['0.063651', '14220'], ['0.063667', '7663'], ['0.063706', '50231'], ['0.063707', '175']], 'bids': [['0.063278', '7663'], ['0.063203', '104'], ['0.063202', '7663'], ['0.063198', '14230'], ['0.063137', '4221']], 'timestamp': 1731139202176}
2024-11-09 08:00:11.356131 script finished
======================================
08:14:01.914 - INFO - Lock acquired. - acquire_lock
08:14:01.914 - INFO - Starting script - main
08:14:01.914 - INFO - Release time and date: 09-11-2024 08:14:11.914 - get_price_websocket_best_ask_bid
08:14:02.370 - INFO - Subscription request sent for SWELL-USDT - initialize_websocket
08:14:02.441 - INFO - Successfully subscribed to SWELL-USDT - wait_for_subscription
08:14:02.442 - INFO - 25 seconds left until token release - wait_until_listing
08:14:11.915 - DEBUG - Received data: {'id': '1731140042370', 'type': 'pong'} - get_price_websocket_best_ask_bid
08:14:11.915 - DEBUG - Received data: {'topic': '/spotMarket/level2Depth5:SWELL-USDT', 'type': 'message', 'subject': 'level2', 'data': {'asks': [['0.062396', '2702'], ['0.062397', '8072'], ['0.062398', '2842'], ['0.062466', '8072'], ['0.062491', '51208']], 'bids': [['0.062227', '14440'], ['0.0622', '250'], ['0.062161', '8072'], ['0.062127', '1204'], ['0.062064', '2511']], 'timestamp': 1731140042529}} - get_price_websocket_best_ask_bid
08:14:11.915 - INFO - data from WebSocket: {'asks': [['0.062396', '2702'], ['0.062397', '8072'], ['0.062398', '2842'], ['0.062466', '8072'], ['0.062491', '51208']], 'bids': [['0.062227', '14440'], ['0.0622', '250'], ['0.062161', '8072'], ['0.062127', '1204'], ['0.062064', '2511']], 'timestamp': 1731140042529}  - get_price_websocket_best_ask_bid
08:14:11.915 - DEBUG - Data from socket: {'asks': [['0.062396', '2702'], ['0.062397', '8072'], ['0.062398', '2842'], ['0.062466', '8072'], ['0.062491', '51208']], 'bids': [['0.062227', '14440'], ['0.0622', '250'], ['0.062161', '8072'], ['0.062127', '1204'], ['0.062064', '2511']], 'timestamp': 1731140042529} - get_price_websocket_best_ask_bid
08:14:11.992 - INFO - Lock released. - release_lock
Successfully retrieved SWELL price: {'asks': [['0.062396', '2702'], ['0.062397', '8072'], ['0.062398', '2842'], ['0.062466', '8072'], ['0.062491', '51208']], 'bids': [['0.062227', '14440'], ['0.0622', '250'], ['0.062161', '8072'], ['0.062127', '1204'], ['0.062064', '2511']], 'timestamp': 1731140042529}
2024-11-09 08:14:11.992579 script finished
======================================
08:28:02.214 - INFO - Lock acquired. - acquire_lock
08:28:02.220 - INFO - Starting script - main
08:28:02.221 - INFO - Release time and date: 09-11-2024 08:28:12.221 - get_price_websocket_best_ask_bid
08:28:02.682 - INFO - Subscription request sent for SWELL-USDT - initialize_websocket
08:28:02.754 - INFO - Successfully subscribed to SWELL-USDT - wait_for_subscription
08:28:02.755 - INFO - 25 seconds left until token release - wait_until_listing
08:28:12.221 - DEBUG - Received data: {'id': '1731140882682', 'type': 'pong'} - get_price_websocket_best_ask_bid
08:28:12.221 - DEBUG - Received data: {'topic': '/spotMarket/level2Depth5:SWELL-USDT', 'type': 'message', 'subject': 'level2', 'data': {'asks': [['0.062614', '14440'], ['0.062625', '8072'], ['0.06269', '8072'], ['0.062701', '2511'], ['0.062702', '51035']], 'bids': [['0.062383', '2702'], ['0.062283', '2702'], ['0.062282', '8072'], ['0.062231', '2702'], ['0.06223', '2902']], 'timestamp': 1731140882824}} - get_price_websocket_best_ask_bid
08:28:12.221 - INFO - data from WebSocket: {'asks': [['0.062614', '14440'], ['0.062625', '8072'], ['0.06269', '8072'], ['0.062701', '2511'], ['0.062702', '51035']], 'bids': [['0.062383', '2702'], ['0.062283', '2702'], ['0.062282', '8072'], ['0.062231', '2702'], ['0.06223', '2902']], 'timestamp': 1731140882824}  - get_price_websocket_best_ask_bid
08:28:12.221 - DEBUG - Data from socket: {'asks': [['0.062614', '14440'], ['0.062625', '8072'], ['0.06269', '8072'], ['0.062701', '2511'], ['0.062702', '51035']], 'bids': [['0.062383', '2702'], ['0.062283', '2702'], ['0.062282', '8072'], ['0.062231', '2702'], ['0.06223', '2902']], 'timestamp': 1731140882824} - get_price_websocket_best_ask_bid
08:28:12.293 - INFO - Lock released. - release_lock
Successfully retrieved SWELL price: {'asks': [['0.062614', '14440'], ['0.062625', '8072'], ['0.06269', '8072'], ['0.062701', '2511'], ['0.062702', '51035']], 'bids': [['0.062383', '2702'], ['0.062283', '2702'], ['0.062282', '8072'], ['0.062231', '2702'], ['0.06223', '2902']], 'timestamp': 1731140882824}
2024-11-09 08:28:12.293112 script finished
======================================
08:42:02.698 - INFO - Lock acquired. - acquire_lock
08:42:02.699 - INFO - Starting script - main
08:42:02.699 - INFO - Release time and date: 09-11-2024 08:42:12.699 - get_price_websocket_best_ask_bid
08:42:03.132 - INFO - Subscription request sent for SWELL-USDT - initialize_websocket
08:42:03.202 - INFO - Successfully subscribed to SWELL-USDT - wait_for_subscription
08:42:03.203 - INFO - 25 seconds left until token release - wait_until_listing
08:42:12.700 - DEBUG - Received data: {'id': '1731141723132', 'type': 'pong'} - get_price_websocket_best_ask_bid
08:42:12.700 - DEBUG - Received data: {'topic': '/spotMarket/level2Depth5:SWELL-USDT', 'type': 'message', 'subject': 'level2', 'data': {'asks': [['0.059901', '908'], ['0.059902', '2702'], ['0.05991', '15030'], ['0.059918', '8072'], ['0.059981', '53350']], 'bids': [['0.059701', '2702'], ['0.0597', '2702'], ['0.059637', '8072'], ['0.059636', '15000'], ['0.059603', '1813']], 'timestamp': 1731141723194}} - get_price_websocket_best_ask_bid
08:42:12.700 - INFO - data from WebSocket: {'asks': [['0.059901', '908'], ['0.059902', '2702'], ['0.05991', '15030'], ['0.059918', '8072'], ['0.059981', '53350']], 'bids': [['0.059701', '2702'], ['0.0597', '2702'], ['0.059637', '8072'], ['0.059636', '15000'], ['0.059603', '1813']], 'timestamp': 1731141723194}  - get_price_websocket_best_ask_bid
08:42:12.700 - DEBUG - Data from socket: {'asks': [['0.059901', '908'], ['0.059902', '2702'], ['0.05991', '15030'], ['0.059918', '8072'], ['0.059981', '53350']], 'bids': [['0.059701', '2702'], ['0.0597', '2702'], ['0.059637', '8072'], ['0.059636', '15000'], ['0.059603', '1813']], 'timestamp': 1731141723194} - get_price_websocket_best_ask_bid
08:42:12.771 - INFO - Lock released. - release_lock
Successfully retrieved SWELL price: {'asks': [['0.059901', '908'], ['0.059902', '2702'], ['0.05991', '15030'], ['0.059918', '8072'], ['0.059981', '53350']], 'bids': [['0.059701', '2702'], ['0.0597', '2702'], ['0.059637', '8072'], ['0.059636', '15000'], ['0.059603', '1813']], 'timestamp': 1731141723194}
2024-11-09 08:42:12.771698 script finished
======================================
08:56:02.570 - INFO - Lock acquired. - acquire_lock
08:56:02.570 - INFO - Starting script - main
08:56:02.570 - INFO - Release time and date: 09-11-2024 08:56:12.570 - get_price_websocket_best_ask_bid
08:56:03.041 - INFO - Subscription request sent for SWELL-USDT - initialize_websocket
08:56:03.112 - INFO - Successfully subscribed to SWELL-USDT - wait_for_subscription
08:56:03.112 - INFO - 25 seconds left until token release - wait_until_listing
08:56:12.571 - DEBUG - Received data: {'id': '1731142563042', 'type': 'pong'} - get_price_websocket_best_ask_bid
08:56:12.571 - DEBUG - Received data: {'topic': '/spotMarket/level2Depth5:SWELL-USDT', 'type': 'message', 'subject': 'level2', 'data': {'asks': [['0.05912', '8507'], ['0.059168', '1311'], ['0.059169', '15300'], ['0.05918', '8507'], ['0.059216', '1252']], 'bids': [['0.058885', '2702'], ['0.058884', '8507'], ['0.058883', '2702'], ['0.058819', '8507'], ['0.058808', '15300']], 'timestamp': 1731142563156}} - get_price_websocket_best_ask_bid
08:56:12.571 - INFO - data from WebSocket: {'asks': [['0.05912', '8507'], ['0.059168', '1311'], ['0.059169', '15300'], ['0.05918', '8507'], ['0.059216', '1252']], 'bids': [['0.058885', '2702'], ['0.058884', '8507'], ['0.058883', '2702'], ['0.058819', '8507'], ['0.058808', '15300']], 'timestamp': 1731142563156}  - get_price_websocket_best_ask_bid
08:56:12.571 - DEBUG - Data from socket: {'asks': [['0.05912', '8507'], ['0.059168', '1311'], ['0.059169', '15300'], ['0.05918', '8507'], ['0.059216', '1252']], 'bids': [['0.058885', '2702'], ['0.058884', '8507'], ['0.058883', '2702'], ['0.058819', '8507'], ['0.058808', '15300']], 'timestamp': 1731142563156} - get_price_websocket_best_ask_bid
08:56:12.643 - INFO - Lock released. - release_lock
Successfully retrieved SWELL price: {'asks': [['0.05912', '8507'], ['0.059168', '1311'], ['0.059169', '15300'], ['0.05918', '8507'], ['0.059216', '1252']], 'bids': [['0.058885', '2702'], ['0.058884', '8507'], ['0.058883', '2702'], ['0.058819', '8507'], ['0.058808', '15300']], 'timestamp': 1731142563156}
2024-11-09 08:56:12.643176 script finished
======================================
09:00:01.056 - INFO - Lock acquired. - acquire_lock
09:00:01.063 - INFO - Starting script - main
09:00:01.066 - INFO - Release time and date: 09-11-2024 09:00:11.066 - get_price_websocket_best_ask_bid
09:00:01.572 - INFO - Subscription request sent for SWELL-USDT - initialize_websocket
09:00:01.644 - INFO - Successfully subscribed to SWELL-USDT - wait_for_subscription
09:00:01.645 - INFO - 25 seconds left until token release - wait_until_listing
09:00:11.067 - DEBUG - Received data: {'id': '1731142801572', 'type': 'pong'} - get_price_websocket_best_ask_bid
09:00:11.067 - DEBUG - Received data: {'topic': '/spotMarket/level2Depth5:SWELL-USDT', 'type': 'message', 'subject': 'level2', 'data': {'asks': [['0.059733', '102'], ['0.059734', '2702'], ['0.059764', '8507'], ['0.059766', '15090'], ['0.059863', '2563']], 'bids': [['0.059568', '2702'], ['0.059563', '2702'], ['0.059469', '2702'], ['0.059468', '8507'], ['0.059413', '2916']], 'timestamp': 1731142801679}} - get_price_websocket_best_ask_bid
09:00:11.067 - INFO - data from WebSocket: {'asks': [['0.059733', '102'], ['0.059734', '2702'], ['0.059764', '8507'], ['0.059766', '15090'], ['0.059863', '2563']], 'bids': [['0.059568', '2702'], ['0.059563', '2702'], ['0.059469', '2702'], ['0.059468', '8507'], ['0.059413', '2916']], 'timestamp': 1731142801679}  - get_price_websocket_best_ask_bid
09:00:11.067 - DEBUG - Data from socket: {'asks': [['0.059733', '102'], ['0.059734', '2702'], ['0.059764', '8507'], ['0.059766', '15090'], ['0.059863', '2563']], 'bids': [['0.059568', '2702'], ['0.059563', '2702'], ['0.059469', '2702'], ['0.059468', '8507'], ['0.059413', '2916']], 'timestamp': 1731142801679} - get_price_websocket_best_ask_bid
09:00:11.144 - INFO - Lock released. - release_lock
Successfully retrieved SWELL price: {'asks': [['0.059733', '102'], ['0.059734', '2702'], ['0.059764', '8507'], ['0.059766', '15090'], ['0.059863', '2563']], 'bids': [['0.059568', '2702'], ['0.059563', '2702'], ['0.059469', '2702'], ['0.059468', '8507'], ['0.059413', '2916']], 'timestamp': 1731142801679}
2024-11-09 09:00:11.144052 script finished
======================================
09:14:02.125 - INFO - Lock acquired. - acquire_lock
09:14:02.125 - INFO - Starting script - main
09:14:02.125 - INFO - Release time and date: 09-11-2024 09:14:12.125 - get_price_websocket_best_ask_bid
09:14:02.499 - INFO - Subscription request sent for SWELL-USDT - initialize_websocket
09:14:02.570 - INFO - Successfully subscribed to SWELL-USDT - wait_for_subscription
09:14:02.570 - INFO - 25 seconds left until token release - wait_until_listing
09:14:12.125 - DEBUG - Received data: {'id': '1731143642499', 'type': 'pong'} - get_price_websocket_best_ask_bid
09:14:12.126 - DEBUG - Received data: {'topic': '/spotMarket/level2Depth5:SWELL-USDT', 'type': 'message', 'subject': 'level2', 'data': {'asks': [['0.058577', '346'], ['0.058624', '1161'], ['0.058625', '8507'], ['0.058674', '4570'], ['0.058675', '54537']], 'bids': [['0.058367', '7410'], ['0.058356', '8507'], ['0.058355', '15430'], ['0.058296', '8507'], ['0.058215', '1864']], 'timestamp': 1731143642609}} - get_price_websocket_best_ask_bid
09:14:12.126 - INFO - data from WebSocket: {'asks': [['0.058577', '346'], ['0.058624', '1161'], ['0.058625', '8507'], ['0.058674', '4570'], ['0.058675', '54537']], 'bids': [['0.058367', '7410'], ['0.058356', '8507'], ['0.058355', '15430'], ['0.058296', '8507'], ['0.058215', '1864']], 'timestamp': 1731143642609}  - get_price_websocket_best_ask_bid
09:14:12.126 - DEBUG - Data from socket: {'asks': [['0.058577', '346'], ['0.058624', '1161'], ['0.058625', '8507'], ['0.058674', '4570'], ['0.058675', '54537']], 'bids': [['0.058367', '7410'], ['0.058356', '8507'], ['0.058355', '15430'], ['0.058296', '8507'], ['0.058215', '1864']], 'timestamp': 1731143642609} - get_price_websocket_best_ask_bid
09:14:12.200 - INFO - Lock released. - release_lock
Successfully retrieved SWELL price: {'asks': [['0.058577', '346'], ['0.058624', '1161'], ['0.058625', '8507'], ['0.058674', '4570'], ['0.058675', '54537']], 'bids': [['0.058367', '7410'], ['0.058356', '8507'], ['0.058355', '15430'], ['0.058296', '8507'], ['0.058215', '1864']], 'timestamp': 1731143642609}
2024-11-09 09:14:12.200402 script finished
======================================
09:28:01.896 - INFO - Lock acquired. - acquire_lock
09:28:01.900 - INFO - Starting script - main
09:28:01.900 - INFO - Release time and date: 09-11-2024 09:28:11.900 - get_price_websocket_best_ask_bid
09:28:02.354 - INFO - Subscription request sent for SWELL-USDT - initialize_websocket
09:28:02.472 - INFO - Successfully subscribed to SWELL-USDT - wait_for_subscription
09:28:02.472 - INFO - 25 seconds left until token release - wait_until_listing
09:28:11.901 - DEBUG - Received data: {'id': '1731144482354', 'type': 'pong'} - get_price_websocket_best_ask_bid
09:28:11.901 - DEBUG - Received data: {'topic': '/spotMarket/level2Depth5:SWELL-USDT', 'type': 'message', 'subject': 'level2', 'data': {'asks': [['0.057734', '6476'], ['0.057739', '3224'], ['0.057782', '7501'], ['0.057814', '2702'], ['0.057816', '1398']], 'bids': [['0.057612', '2702'], ['0.057609', '2702'], ['0.057549', '8507'], ['0.057539', '7500'], ['0.0575', '15620']], 'timestamp': 1731144482411}} - get_price_websocket_best_ask_bid
09:28:11.901 - INFO - data from WebSocket: {'asks': [['0.057734', '6476'], ['0.057739', '3224'], ['0.057782', '7501'], ['0.057814', '2702'], ['0.057816', '1398']], 'bids': [['0.057612', '2702'], ['0.057609', '2702'], ['0.057549', '8507'], ['0.057539', '7500'], ['0.0575', '15620']], 'timestamp': 1731144482411}  - get_price_websocket_best_ask_bid
09:28:11.901 - DEBUG - Data from socket: {'asks': [['0.057734', '6476'], ['0.057739', '3224'], ['0.057782', '7501'], ['0.057814', '2702'], ['0.057816', '1398']], 'bids': [['0.057612', '2702'], ['0.057609', '2702'], ['0.057549', '8507'], ['0.057539', '7500'], ['0.0575', '15620']], 'timestamp': 1731144482411} - get_price_websocket_best_ask_bid
09:28:11.974 - INFO - Lock released. - release_lock
Successfully retrieved SWELL price: {'asks': [['0.057734', '6476'], ['0.057739', '3224'], ['0.057782', '7501'], ['0.057814', '2702'], ['0.057816', '1398']], 'bids': [['0.057612', '2702'], ['0.057609', '2702'], ['0.057549', '8507'], ['0.057539', '7500'], ['0.0575', '15620']], 'timestamp': 1731144482411}
2024-11-09 09:28:11.973978 script finished
======================================
09:42:02.618 - INFO - Lock acquired. - acquire_lock
09:42:02.618 - INFO - Starting script - main
09:42:02.618 - INFO - Release time and date: 09-11-2024 09:42:12.618 - get_price_websocket_best_ask_bid
09:42:03.047 - INFO - Subscription request sent for SWELL-USDT - initialize_websocket
09:42:03.118 - INFO - Successfully subscribed to SWELL-USDT - wait_for_subscription
09:42:03.118 - INFO - 25 seconds left until token release - wait_until_listing
09:42:12.619 - DEBUG - Received data: {'id': '1731145323047', 'type': 'pong'} - get_price_websocket_best_ask_bid
09:42:12.619 - DEBUG - Received data: {'topic': '/spotMarket/level2Depth5:SWELL-USDT', 'type': 'message', 'subject': 'level2', 'data': {'asks': [['0.060576', '2702'], ['0.060577', '8507'], ['0.060578', '2702'], ['0.060596', '2702'], ['0.060664', '2702']], 'bids': [['0.060359', '14619'], ['0.060284', '8507'], ['0.060225', '1914'], ['0.060222', '8507'], ['0.06018', '1205']], 'timestamp': 1731145323103}} - get_price_websocket_best_ask_bid
09:42:12.620 - INFO - data from WebSocket: {'asks': [['0.060576', '2702'], ['0.060577', '8507'], ['0.060578', '2702'], ['0.060596', '2702'], ['0.060664', '2702']], 'bids': [['0.060359', '14619'], ['0.060284', '8507'], ['0.060225', '1914'], ['0.060222', '8507'], ['0.06018', '1205']], 'timestamp': 1731145323103}  - get_price_websocket_best_ask_bid
09:42:12.620 - DEBUG - Data from socket: {'asks': [['0.060576', '2702'], ['0.060577', '8507'], ['0.060578', '2702'], ['0.060596', '2702'], ['0.060664', '2702']], 'bids': [['0.060359', '14619'], ['0.060284', '8507'], ['0.060225', '1914'], ['0.060222', '8507'], ['0.06018', '1205']], 'timestamp': 1731145323103} - get_price_websocket_best_ask_bid
09:42:12.691 - INFO - Lock released. - release_lock
Successfully retrieved SWELL price: {'asks': [['0.060576', '2702'], ['0.060577', '8507'], ['0.060578', '2702'], ['0.060596', '2702'], ['0.060664', '2702']], 'bids': [['0.060359', '14619'], ['0.060284', '8507'], ['0.060225', '1914'], ['0.060222', '8507'], ['0.06018', '1205']], 'timestamp': 1731145323103}
2024-11-09 09:42:12.691114 script finished
======================================
09:56:01.695 - INFO - Lock acquired. - acquire_lock
09:56:01.700 - INFO - Starting script - main
09:56:01.700 - INFO - Release time and date: 09-11-2024 09:56:11.700 - get_price_websocket_best_ask_bid
09:56:02.137 - INFO - Subscription request sent for SWELL-USDT - initialize_websocket
09:56:02.207 - INFO - Successfully subscribed to SWELL-USDT - wait_for_subscription
09:56:02.207 - INFO - 25 seconds left until token release - wait_until_listing
09:56:11.701 - DEBUG - Received data: {'id': '1731146162137', 'type': 'pong'} - get_price_websocket_best_ask_bid
09:56:11.701 - DEBUG - Received data: {'topic': '/spotMarket/level2Depth5:SWELL-USDT', 'type': 'message', 'subject': 'level2', 'data': {'asks': [['0.061807', '2702'], ['0.061808', '8101'], ['0.061827', '2702'], ['0.061828', '14560'], ['0.061885', '2702']], 'bids': [['0.061532', '8101'], ['0.06153', '180'], ['0.061528', '230'], ['0.061527', '180'], ['0.06146', '14560']], 'timestamp': 1731146162189}} - get_price_websocket_best_ask_bid
09:56:11.702 - INFO - data from WebSocket: {'asks': [['0.061807', '2702'], ['0.061808', '8101'], ['0.061827', '2702'], ['0.061828', '14560'], ['0.061885', '2702']], 'bids': [['0.061532', '8101'], ['0.06153', '180'], ['0.061528', '230'], ['0.061527', '180'], ['0.06146', '14560']], 'timestamp': 1731146162189}  - get_price_websocket_best_ask_bid
09:56:11.702 - DEBUG - Data from socket: {'asks': [['0.061807', '2702'], ['0.061808', '8101'], ['0.061827', '2702'], ['0.061828', '14560'], ['0.061885', '2702']], 'bids': [['0.061532', '8101'], ['0.06153', '180'], ['0.061528', '230'], ['0.061527', '180'], ['0.06146', '14560']], 'timestamp': 1731146162189} - get_price_websocket_best_ask_bid
09:56:11.772 - INFO - Lock released. - release_lock
Successfully retrieved SWELL price: {'asks': [['0.061807', '2702'], ['0.061808', '8101'], ['0.061827', '2702'], ['0.061828', '14560'], ['0.061885', '2702']], 'bids': [['0.061532', '8101'], ['0.06153', '180'], ['0.061528', '230'], ['0.061527', '180'], ['0.06146', '14560']], 'timestamp': 1731146162189}
2024-11-09 09:56:11.772115 script finished
======================================
10:00:02.956 - INFO - Lock acquired. - acquire_lock
10:00:02.972 - INFO - Starting script - main
10:00:02.973 - INFO - Release time and date: 09-11-2024 10:00:12.973 - get_price_websocket_best_ask_bid
10:00:03.431 - INFO - Subscription request sent for SWELL-USDT - initialize_websocket
10:00:03.500 - INFO - Successfully subscribed to SWELL-USDT - wait_for_subscription
10:00:03.501 - INFO - 25 seconds left until token release - wait_until_listing
10:00:12.973 - DEBUG - Received data: {'id': '1731146403432', 'type': 'pong'} - get_price_websocket_best_ask_bid
10:00:12.973 - DEBUG - Received data: {'topic': '/spotMarket/level2Depth5:SWELL-USDT', 'type': 'message', 'subject': 'level2', 'data': {'asks': [['0.063059', '8101'], ['0.063067', '2702'], ['0.063069', '2702'], ['0.063093', '1584'], ['0.063142', '464']], 'bids': [['0.06281', '2702'], ['0.062695', '1239'], ['0.062694', '14320'], ['0.062684', '1872'], ['0.062683', '8101']], 'timestamp': 1731146403531}} - get_price_websocket_best_ask_bid
10:00:12.974 - INFO - data from WebSocket: {'asks': [['0.063059', '8101'], ['0.063067', '2702'], ['0.063069', '2702'], ['0.063093', '1584'], ['0.063142', '464']], 'bids': [['0.06281', '2702'], ['0.062695', '1239'], ['0.062694', '14320'], ['0.062684', '1872'], ['0.062683', '8101']], 'timestamp': 1731146403531}  - get_price_websocket_best_ask_bid
10:00:12.974 - DEBUG - Data from socket: {'asks': [['0.063059', '8101'], ['0.063067', '2702'], ['0.063069', '2702'], ['0.063093', '1584'], ['0.063142', '464']], 'bids': [['0.06281', '2702'], ['0.062695', '1239'], ['0.062694', '14320'], ['0.062684', '1872'], ['0.062683', '8101']], 'timestamp': 1731146403531} - get_price_websocket_best_ask_bid
10:00:13.044 - INFO - Lock released. - release_lock
Successfully retrieved SWELL price: {'asks': [['0.063059', '8101'], ['0.063067', '2702'], ['0.063069', '2702'], ['0.063093', '1584'], ['0.063142', '464']], 'bids': [['0.06281', '2702'], ['0.062695', '1239'], ['0.062694', '14320'], ['0.062684', '1872'], ['0.062683', '8101']], 'timestamp': 1731146403531}
2024-11-09 10:00:13.044418 script finished
======================================
10:14:02.376 - INFO - Lock acquired. - acquire_lock
10:14:02.377 - INFO - Starting script - main
10:14:02.377 - INFO - Release time and date: 09-11-2024 10:14:12.377 - get_price_websocket_best_ask_bid
10:14:02.821 - INFO - Subscription request sent for SWELL-USDT - initialize_websocket
10:14:02.893 - INFO - Successfully subscribed to SWELL-USDT - wait_for_subscription
10:14:02.894 - INFO - 25 seconds left until token release - wait_until_listing
10:14:12.378 - DEBUG - Received data: {'id': '1731147242822', 'type': 'pong'} - get_price_websocket_best_ask_bid
10:14:12.378 - DEBUG - Received data: {'topic': '/spotMarket/level2Depth5:SWELL-USDT', 'type': 'message', 'subject': 'level2', 'data': {'asks': [['0.065537', '7658'], ['0.0656', '113'], ['0.065611', '255'], ['0.065615', '7658'], ['0.065681', '346']], 'bids': [['0.065356', '2702'], ['0.065355', '146'], ['0.065354', '2702'], ['0.065353', '1254'], ['0.065352', '2702']], 'timestamp': 1731147242874}} - get_price_websocket_best_ask_bid
10:14:12.378 - INFO - data from WebSocket: {'asks': [['0.065537', '7658'], ['0.0656', '113'], ['0.065611', '255'], ['0.065615', '7658'], ['0.065681', '346']], 'bids': [['0.065356', '2702'], ['0.065355', '146'], ['0.065354', '2702'], ['0.065353', '1254'], ['0.065352', '2702']], 'timestamp': 1731147242874}  - get_price_websocket_best_ask_bid
10:14:12.378 - DEBUG - Data from socket: {'asks': [['0.065537', '7658'], ['0.0656', '113'], ['0.065611', '255'], ['0.065615', '7658'], ['0.065681', '346']], 'bids': [['0.065356', '2702'], ['0.065355', '146'], ['0.065354', '2702'], ['0.065353', '1254'], ['0.065352', '2702']], 'timestamp': 1731147242874} - get_price_websocket_best_ask_bid
10:14:12.451 - INFO - Lock released. - release_lock
Successfully retrieved SWELL price: {'asks': [['0.065537', '7658'], ['0.0656', '113'], ['0.065611', '255'], ['0.065615', '7658'], ['0.065681', '346']], 'bids': [['0.065356', '2702'], ['0.065355', '146'], ['0.065354', '2702'], ['0.065353', '1254'], ['0.065352', '2702']], 'timestamp': 1731147242874}
2024-11-09 10:14:12.451230 script finished
======================================
10:28:02.264 - INFO - Lock acquired. - acquire_lock
10:28:02.272 - INFO - Starting script - main
10:28:02.272 - INFO - Release time and date: 09-11-2024 10:28:12.272 - get_price_websocket_best_ask_bid
10:28:03.088 - INFO - Subscription request sent for SWELL-USDT - initialize_websocket
10:28:03.160 - INFO - Successfully subscribed to SWELL-USDT - wait_for_subscription
10:28:03.160 - INFO - 25 seconds left until token release - wait_until_listing
10:28:12.272 - DEBUG - Received data: {'id': '1731148083088', 'type': 'pong'} - get_price_websocket_best_ask_bid
10:28:12.273 - DEBUG - Received data: {'topic': '/spotMarket/level2Depth5:SWELL-USDT', 'type': 'message', 'subject': 'level2', 'data': {'asks': [['0.067982', '555'], ['0.068074', '13250'], ['0.068109', '7658'], ['0.068172', '3452'], ['0.068173', '4976']], 'bids': [['0.067865', '2702'], ['0.067864', '2947'], ['0.067801', '2702'], ['0.0678', '7658'], ['0.067796', '2950']], 'timestamp': 1731148083148}} - get_price_websocket_best_ask_bid
10:28:12.273 - INFO - data from WebSocket: {'asks': [['0.067982', '555'], ['0.068074', '13250'], ['0.068109', '7658'], ['0.068172', '3452'], ['0.068173', '4976']], 'bids': [['0.067865', '2702'], ['0.067864', '2947'], ['0.067801', '2702'], ['0.0678', '7658'], ['0.067796', '2950']], 'timestamp': 1731148083148}  - get_price_websocket_best_ask_bid
10:28:12.273 - DEBUG - Data from socket: {'asks': [['0.067982', '555'], ['0.068074', '13250'], ['0.068109', '7658'], ['0.068172', '3452'], ['0.068173', '4976']], 'bids': [['0.067865', '2702'], ['0.067864', '2947'], ['0.067801', '2702'], ['0.0678', '7658'], ['0.067796', '2950']], 'timestamp': 1731148083148} - get_price_websocket_best_ask_bid
10:28:12.345 - INFO - Lock released. - release_lock
Successfully retrieved SWELL price: {'asks': [['0.067982', '555'], ['0.068074', '13250'], ['0.068109', '7658'], ['0.068172', '3452'], ['0.068173', '4976']], 'bids': [['0.067865', '2702'], ['0.067864', '2947'], ['0.067801', '2702'], ['0.0678', '7658'], ['0.067796', '2950']], 'timestamp': 1731148083148}
2024-11-09 10:28:12.345152 script finished
======================================
10:42:02.501 - INFO - Lock acquired. - acquire_lock
10:42:02.501 - INFO - Starting script - main
10:42:02.502 - INFO - Release time and date: 09-11-2024 10:42:12.502 - get_price_websocket_best_ask_bid
10:42:02.943 - INFO - Subscription request sent for SWELL-USDT - initialize_websocket
10:42:03.012 - INFO - Successfully subscribed to SWELL-USDT - wait_for_subscription
10:42:03.014 - INFO - 25 seconds left until token release - wait_until_listing
10:42:12.503 - DEBUG - Received data: {'id': '1731148922944', 'type': 'pong'} - get_price_websocket_best_ask_bid
10:42:12.503 - DEBUG - Received data: {'topic': '/spotMarket/level2Depth5:SWELL-USDT', 'type': 'message', 'subject': 'level2', 'data': {'asks': [['0.068258', '745'], ['0.068313', '1482'], ['0.06839', '1113'], ['0.068391', '7250'], ['0.068459', '1024']], 'bids': [['0.068053', '2702'], ['0.068052', '7250'], ['0.068012', '1627'], ['0.068011', '13170'], ['0.067983', '7250']], 'timestamp': 1731148922995}} - get_price_websocket_best_ask_bid
10:42:12.503 - INFO - data from WebSocket: {'asks': [['0.068258', '745'], ['0.068313', '1482'], ['0.06839', '1113'], ['0.068391', '7250'], ['0.068459', '1024']], 'bids': [['0.068053', '2702'], ['0.068052', '7250'], ['0.068012', '1627'], ['0.068011', '13170'], ['0.067983', '7250']], 'timestamp': 1731148922995}  - get_price_websocket_best_ask_bid
10:42:12.503 - DEBUG - Data from socket: {'asks': [['0.068258', '745'], ['0.068313', '1482'], ['0.06839', '1113'], ['0.068391', '7250'], ['0.068459', '1024']], 'bids': [['0.068053', '2702'], ['0.068052', '7250'], ['0.068012', '1627'], ['0.068011', '13170'], ['0.067983', '7250']], 'timestamp': 1731148922995} - get_price_websocket_best_ask_bid
10:42:12.573 - INFO - Lock released. - release_lock
Successfully retrieved SWELL price: {'asks': [['0.068258', '745'], ['0.068313', '1482'], ['0.06839', '1113'], ['0.068391', '7250'], ['0.068459', '1024']], 'bids': [['0.068053', '2702'], ['0.068052', '7250'], ['0.068012', '1627'], ['0.068011', '13170'], ['0.067983', '7250']], 'timestamp': 1731148922995}
2024-11-09 10:42:12.573040 script finished
======================================
10:56:01.834 - INFO - Lock acquired. - acquire_lock
10:56:01.834 - INFO - Starting script - main
10:56:01.834 - INFO - Release time and date: 09-11-2024 10:56:11.834 - get_price_websocket_best_ask_bid
10:56:02.283 - INFO - Subscription request sent for SWELL-USDT - initialize_websocket
10:56:02.354 - INFO - Successfully subscribed to SWELL-USDT - wait_for_subscription
10:56:02.355 - INFO - 25 seconds left until token release - wait_until_listing
10:56:11.835 - DEBUG - Received data: {'id': '1731149762283', 'type': 'pong'} - get_price_websocket_best_ask_bid
10:56:11.836 - DEBUG - Received data: {'topic': '/spotMarket/level2Depth5:SWELL-USDT', 'type': 'message', 'subject': 'level2', 'data': {'asks': [['0.069744', '2702'], ['0.069745', '1399'], ['0.069746', '2702'], ['0.069747', '7250'], ['0.069777', '2702']], 'bids': [['0.069464', '12910'], ['0.069369', '7250'], ['0.0693', '1437'], ['0.069299', '7250'], ['0.069218', '3068']], 'timestamp': 1731149762376}} - get_price_websocket_best_ask_bid
10:56:11.836 - INFO - data from WebSocket: {'asks': [['0.069744', '2702'], ['0.069745', '1399'], ['0.069746', '2702'], ['0.069747', '7250'], ['0.069777', '2702']], 'bids': [['0.069464', '12910'], ['0.069369', '7250'], ['0.0693', '1437'], ['0.069299', '7250'], ['0.069218', '3068']], 'timestamp': 1731149762376}  - get_price_websocket_best_ask_bid
10:56:11.836 - DEBUG - Data from socket: {'asks': [['0.069744', '2702'], ['0.069745', '1399'], ['0.069746', '2702'], ['0.069747', '7250'], ['0.069777', '2702']], 'bids': [['0.069464', '12910'], ['0.069369', '7250'], ['0.0693', '1437'], ['0.069299', '7250'], ['0.069218', '3068']], 'timestamp': 1731149762376} - get_price_websocket_best_ask_bid
10:56:11.908 - INFO - Lock released. - release_lock
Successfully retrieved SWELL price: {'asks': [['0.069744', '2702'], ['0.069745', '1399'], ['0.069746', '2702'], ['0.069747', '7250'], ['0.069777', '2702']], 'bids': [['0.069464', '12910'], ['0.069369', '7250'], ['0.0693', '1437'], ['0.069299', '7250'], ['0.069218', '3068']], 'timestamp': 1731149762376}
2024-11-09 10:56:11.907900 script finished
======================================
11:00:02.289 - INFO - Lock acquired. - acquire_lock
11:00:02.289 - INFO - Starting script - main
11:00:02.289 - INFO - Release time and date: 09-11-2024 11:00:12.289 - get_price_websocket_best_ask_bid
11:00:02.750 - INFO - Subscription request sent for SWELL-USDT - initialize_websocket
11:00:02.820 - INFO - Successfully subscribed to SWELL-USDT - wait_for_subscription
11:00:02.821 - INFO - 25 seconds left until token release - wait_until_listing
11:00:12.291 - DEBUG - Received data: {'id': '1731150002751', 'type': 'pong'} - get_price_websocket_best_ask_bid
11:00:12.292 - DEBUG - Received data: {'topic': '/spotMarket/level2Depth5:SWELL-USDT', 'type': 'message', 'subject': 'level2', 'data': {'asks': [['0.068169', '101'], ['0.068253', '1081'], ['0.068254', '1437'], ['0.068255', '1669'], ['0.068278', '1620']], 'bids': [['0.067969', '2702'], ['0.067968', '2702'], ['0.067967', '7250'], ['0.067966', '2702'], ['0.067965', '13180']], 'timestamp': 1731150002882}} - get_price_websocket_best_ask_bid
11:00:12.292 - INFO - data from WebSocket: {'asks': [['0.068169', '101'], ['0.068253', '1081'], ['0.068254', '1437'], ['0.068255', '1669'], ['0.068278', '1620']], 'bids': [['0.067969', '2702'], ['0.067968', '2702'], ['0.067967', '7250'], ['0.067966', '2702'], ['0.067965', '13180']], 'timestamp': 1731150002882}  - get_price_websocket_best_ask_bid
11:00:12.295 - DEBUG - Data from socket: {'asks': [['0.068169', '101'], ['0.068253', '1081'], ['0.068254', '1437'], ['0.068255', '1669'], ['0.068278', '1620']], 'bids': [['0.067969', '2702'], ['0.067968', '2702'], ['0.067967', '7250'], ['0.067966', '2702'], ['0.067965', '13180']], 'timestamp': 1731150002882} - get_price_websocket_best_ask_bid
11:00:12.365 - INFO - Lock released. - release_lock
Successfully retrieved SWELL price: {'asks': [['0.068169', '101'], ['0.068253', '1081'], ['0.068254', '1437'], ['0.068255', '1669'], ['0.068278', '1620']], 'bids': [['0.067969', '2702'], ['0.067968', '2702'], ['0.067967', '7250'], ['0.067966', '2702'], ['0.067965', '13180']], 'timestamp': 1731150002882}
2024-11-09 11:00:12.365786 script finished
======================================
11:14:01.734 - INFO - Lock acquired. - acquire_lock
11:14:01.740 - INFO - Starting script - main
11:14:01.740 - INFO - Release time and date: 09-11-2024 11:14:11.740 - get_price_websocket_best_ask_bid
11:14:02.211 - INFO - Subscription request sent for SWELL-USDT - initialize_websocket
11:14:02.283 - INFO - Successfully subscribed to SWELL-USDT - wait_for_subscription
11:14:02.283 - INFO - 25 seconds left until token release - wait_until_listing
11:14:11.742 - DEBUG - Received data: {'id': '1731150842211', 'type': 'pong'} - get_price_websocket_best_ask_bid
11:14:11.742 - DEBUG - Received data: {'topic': '/spotMarket/level2Depth5:SWELL-USDT', 'type': 'message', 'subject': 'level2', 'data': {'asks': [['0.067548', '7250'], ['0.067581', '1419'], ['0.067582', '13330'], ['0.067616', '1869'], ['0.067618', '7250']], 'bids': [['0.067313', '2702'], ['0.067312', '167'], ['0.067311', '3476'], ['0.06731', '13330'], ['0.067256', '2702']], 'timestamp': 1731150842329}} - get_price_websocket_best_ask_bid
11:14:11.742 - INFO - data from WebSocket: {'asks': [['0.067548', '7250'], ['0.067581', '1419'], ['0.067582', '13330'], ['0.067616', '1869'], ['0.067618', '7250']], 'bids': [['0.067313', '2702'], ['0.067312', '167'], ['0.067311', '3476'], ['0.06731', '13330'], ['0.067256', '2702']], 'timestamp': 1731150842329}  - get_price_websocket_best_ask_bid
11:14:11.742 - DEBUG - Data from socket: {'asks': [['0.067548', '7250'], ['0.067581', '1419'], ['0.067582', '13330'], ['0.067616', '1869'], ['0.067618', '7250']], 'bids': [['0.067313', '2702'], ['0.067312', '167'], ['0.067311', '3476'], ['0.06731', '13330'], ['0.067256', '2702']], 'timestamp': 1731150842329} - get_price_websocket_best_ask_bid
11:14:11.814 - INFO - Lock released. - release_lock
Successfully retrieved SWELL price: {'asks': [['0.067548', '7250'], ['0.067581', '1419'], ['0.067582', '13330'], ['0.067616', '1869'], ['0.067618', '7250']], 'bids': [['0.067313', '2702'], ['0.067312', '167'], ['0.067311', '3476'], ['0.06731', '13330'], ['0.067256', '2702']], 'timestamp': 1731150842329}
2024-11-09 11:14:11.814494 script finished
======================================
11:28:02.107 - INFO - Lock acquired. - acquire_lock
11:28:02.117 - INFO - Starting script - main
11:28:02.117 - INFO - Release time and date: 09-11-2024 11:28:12.117 - get_price_websocket_best_ask_bid
11:28:02.577 - INFO - Subscription request sent for SWELL-USDT - initialize_websocket
11:28:02.647 - INFO - Successfully subscribed to SWELL-USDT - wait_for_subscription
11:28:02.647 - INFO - 25 seconds left until token release - wait_until_listing
11:28:12.118 - DEBUG - Received data: {'id': '1731151682577', 'type': 'pong'} - get_price_websocket_best_ask_bid
11:28:12.118 - DEBUG - Received data: {'topic': '/spotMarket/level2Depth5:SWELL-USDT', 'type': 'message', 'subject': 'level2', 'data': {'asks': [['0.067115', '2702'], ['0.067116', '7250'], ['0.067178', '2702'], ['0.067179', '1478'], ['0.06718', '2702']], 'bids': [['0.066995', '741'], ['0.066847', '8540'], ['0.066846', '185'], ['0.066841', '7250'], ['0.06684', '391']], 'timestamp': 1731151682624}} - get_price_websocket_best_ask_bid
11:28:12.118 - INFO - data from WebSocket: {'asks': [['0.067115', '2702'], ['0.067116', '7250'], ['0.067178', '2702'], ['0.067179', '1478'], ['0.06718', '2702']], 'bids': [['0.066995', '741'], ['0.066847', '8540'], ['0.066846', '185'], ['0.066841', '7250'], ['0.06684', '391']], 'timestamp': 1731151682624}  - get_price_websocket_best_ask_bid
11:28:12.119 - DEBUG - Data from socket: {'asks': [['0.067115', '2702'], ['0.067116', '7250'], ['0.067178', '2702'], ['0.067179', '1478'], ['0.06718', '2702']], 'bids': [['0.066995', '741'], ['0.066847', '8540'], ['0.066846', '185'], ['0.066841', '7250'], ['0.06684', '391']], 'timestamp': 1731151682624} - get_price_websocket_best_ask_bid
11:28:12.190 - INFO - Lock released. - release_lock
Successfully retrieved SWELL price: {'asks': [['0.067115', '2702'], ['0.067116', '7250'], ['0.067178', '2702'], ['0.067179', '1478'], ['0.06718', '2702']], 'bids': [['0.066995', '741'], ['0.066847', '8540'], ['0.066846', '185'], ['0.066841', '7250'], ['0.06684', '391']], 'timestamp': 1731151682624}
2024-11-09 11:28:12.190594 script finished
======================================
11:42:03.040 - INFO - Lock acquired. - acquire_lock
11:42:03.040 - INFO - Starting script - main
11:42:03.040 - INFO - Release time and date: 09-11-2024 11:42:13.040 - get_price_websocket_best_ask_bid
11:42:03.520 - INFO - Subscription request sent for SWELL-USDT - initialize_websocket
11:42:03.591 - INFO - Successfully subscribed to SWELL-USDT - wait_for_subscription
11:42:03.592 - INFO - 25 seconds left until token release - wait_until_listing
11:42:13.041 - DEBUG - Received data: {'id': '1731152523521', 'type': 'pong'} - get_price_websocket_best_ask_bid
11:42:13.042 - DEBUG - Received data: {'topic': '/spotMarket/level2Depth5:SWELL-USDT', 'type': 'message', 'subject': 'level2', 'data': {'asks': [['0.064848', '2702'], ['0.06485', '2702'], ['0.064852', '2702'], ['0.064945', '922'], ['0.064991', '3154']], 'bids': [['0.064693', '382'], ['0.064692', '7634'], ['0.064661', '13870'], ['0.064628', '2702'], ['0.064627', '14131']], 'timestamp': 1731152523617}} - get_price_websocket_best_ask_bid
11:42:13.042 - INFO - data from WebSocket: {'asks': [['0.064848', '2702'], ['0.06485', '2702'], ['0.064852', '2702'], ['0.064945', '922'], ['0.064991', '3154']], 'bids': [['0.064693', '382'], ['0.064692', '7634'], ['0.064661', '13870'], ['0.064628', '2702'], ['0.064627', '14131']], 'timestamp': 1731152523617}  - get_price_websocket_best_ask_bid
11:42:13.042 - DEBUG - Data from socket: {'asks': [['0.064848', '2702'], ['0.06485', '2702'], ['0.064852', '2702'], ['0.064945', '922'], ['0.064991', '3154']], 'bids': [['0.064693', '382'], ['0.064692', '7634'], ['0.064661', '13870'], ['0.064628', '2702'], ['0.064627', '14131']], 'timestamp': 1731152523617} - get_price_websocket_best_ask_bid
11:42:13.114 - INFO - Lock released. - release_lock
Successfully retrieved SWELL price: {'asks': [['0.064848', '2702'], ['0.06485', '2702'], ['0.064852', '2702'], ['0.064945', '922'], ['0.064991', '3154']], 'bids': [['0.064693', '382'], ['0.064692', '7634'], ['0.064661', '13870'], ['0.064628', '2702'], ['0.064627', '14131']], 'timestamp': 1731152523617}
2024-11-09 11:42:13.114243 script finished
======================================
11:56:02.659 - INFO - Lock acquired. - acquire_lock
11:56:02.668 - INFO - Starting script - main
11:56:02.673 - INFO - Detected new pair XRPUSDT at Nov 09, 2024, 12:15PM - main
11:56:02.688 - INFO - Release time and date: 09-11-2024 12:15:00.000 - get_price_websocket_best_ask_bid
11:56:03.099 - INFO - Subscription request sent for XRP-USDT - initialize_websocket
11:56:03.173 - INFO - Successfully subscribed to XRP-USDT - wait_for_subscription
11:56:03.174 - INFO - Waiting 1136.83 seconds until token release time - wait_until_listing
12:00:03.198 - WARNING - Another instance is running. Exiting. - acquire_lock
12:14:38.991 - INFO - 25 seconds left until token release - wait_until_listing
12:15:00.001 - DEBUG - Received data: {'id': '1731153363099', 'type': 'pong'} - get_price_websocket_best_ask_bid
12:15:00.002 - DEBUG - Received data: {'topic': '/spotMarket/level2Depth5:XRP-USDT', 'type': 'message', 'subject': 'level2', 'data': {'asks': [['0.55263', '3414.273'], ['0.55268', '1042.4607'], ['0.55269', '2754.8691'], ['0.55272', '75.0001'], ['0.55273', '1095.8']], 'bids': [['0.55262', '937.5903'], ['0.55254', '1095.8'], ['0.5525', '18.099'], ['0.55249', '833.4509'], ['0.55248', '4074.0336']], 'timestamp': 1731153363169}} - get_price_websocket_best_ask_bid
12:15:00.003 - INFO - data from WebSocket: {'asks': [['0.55263', '3414.273'], ['0.55268', '1042.4607'], ['0.55269', '2754.8691'], ['0.55272', '75.0001'], ['0.55273', '1095.8']], 'bids': [['0.55262', '937.5903'], ['0.55254', '1095.8'], ['0.5525', '18.099'], ['0.55249', '833.4509'], ['0.55248', '4074.0336']], 'timestamp': 1731153363169}  - get_price_websocket_best_ask_bid
12:15:00.005 - DEBUG - Data from socket: {'asks': [['0.55263', '3414.273'], ['0.55268', '1042.4607'], ['0.55269', '2754.8691'], ['0.55272', '75.0001'], ['0.55273', '1095.8']], 'bids': [['0.55262', '937.5903'], ['0.55254', '1095.8'], ['0.5525', '18.099'], ['0.55249', '833.4509'], ['0.55248', '4074.0336']], 'timestamp': 1731153363169} - get_price_websocket_best_ask_bid
12:15:00.005 - INFO - Successfully retrieved XRP price: {'asks': [['0.55263', '3414.273'], ['0.55268', '1042.4607'], ['0.55269', '2754.8691'], ['0.55272', '75.0001'], ['0.55273', '1095.8']], 'bids': [['0.55262', '937.5903'], ['0.55254', '1095.8'], ['0.5525', '18.099'], ['0.55249', '833.4509'], ['0.55248', '4074.0336']], 'timestamp': 1731153363169} - main
12:15:00.403 - DEBUG - break for after detecting pair loop - main
12:15:00.403 - INFO - Lock released. - release_lock
2024-11-09 12:15:00.403706 script finished
======================================
12:16:02.472 - INFO - Lock acquired. - acquire_lock
12:16:02.473 - INFO - Starting script - main
12:16:02.489 - INFO - Detected new pair XRPUSDT at Nov 09, 2024, 12:30PM - main
12:16:02.489 - INFO - Release time and date: 09-11-2024 12:30:00.000 - get_price_websocket_best_ask_bid
12:16:02.955 - INFO - Subscription request sent for XRP-USDT - initialize_websocket
12:16:03.027 - INFO - Successfully subscribed to XRP-USDT - wait_for_subscription
12:16:03.028 - INFO - Waiting 836.97 seconds until token release time - wait_until_listing
12:29:38.644 - INFO - 25 seconds left until token release - wait_until_listing
12:30:00.004 - DEBUG - Received data: {'id': '1731154562956', 'type': 'pong'} - get_price_websocket_best_ask_bid
12:30:00.005 - DEBUG - Received data: {'topic': '/spotMarket/level2Depth5:XRP-USDT', 'type': 'message', 'subject': 'level2', 'data': {'asks': [['0.55147', '477.5119'], ['0.55153', '663.5786'], ['0.55154', '1811.9288'], ['0.55155', '1536.5577'], ['0.55156', '1906.1644']], 'bids': [['0.55146', '6077.0435'], ['0.55145', '93.2025'], ['0.55143', '800.3407'], ['0.55142', '794.967'], ['0.5514', '3132.7198']], 'timestamp': 1731154563061}} - get_price_websocket_best_ask_bid
12:30:00.005 - INFO - data from WebSocket: {'asks': [['0.55147', '477.5119'], ['0.55153', '663.5786'], ['0.55154', '1811.9288'], ['0.55155', '1536.5577'], ['0.55156', '1906.1644']], 'bids': [['0.55146', '6077.0435'], ['0.55145', '93.2025'], ['0.55143', '800.3407'], ['0.55142', '794.967'], ['0.5514', '3132.7198']], 'timestamp': 1731154563061}  - get_price_websocket_best_ask_bid
12:30:00.005 - DEBUG - Data from socket: {'asks': [['0.55147', '477.5119'], ['0.55153', '663.5786'], ['0.55154', '1811.9288'], ['0.55155', '1536.5577'], ['0.55156', '1906.1644']], 'bids': [['0.55146', '6077.0435'], ['0.55145', '93.2025'], ['0.55143', '800.3407'], ['0.55142', '794.967'], ['0.5514', '3132.7198']], 'timestamp': 1731154563061} - get_price_websocket_best_ask_bid
12:30:00.005 - INFO - Successfully retrieved XRP price: {'asks': [['0.55147', '477.5119'], ['0.55153', '663.5786'], ['0.55154', '1811.9288'], ['0.55155', '1536.5577'], ['0.55156', '1906.1644']], 'bids': [['0.55146', '6077.0435'], ['0.55145', '93.2025'], ['0.55143', '800.3407'], ['0.55142', '794.967'], ['0.5514', '3132.7198']], 'timestamp': 1731154563061} - main
12:30:00.450 - DEBUG - break for after detecting pair loop - main
12:30:00.450 - INFO - Lock released. - release_lock
2024-11-09 12:30:00.451116 script finished
======================================
12:31:02.482 - INFO - Lock acquired. - acquire_lock
12:31:02.483 - INFO - Starting script - main
12:31:02.507 - INFO - Detected new pair XRPUSDT at Nov 09, 2024, 12:45PM - main
12:31:02.521 - INFO - Release time and date: 09-11-2024 12:45:00.000 - get_price_websocket_best_ask_bid
12:31:02.963 - INFO - Subscription request sent for XRP-USDT - initialize_websocket
12:31:03.033 - INFO - Successfully subscribed to XRP-USDT - wait_for_subscription
12:31:03.034 - INFO - Waiting 836.97 seconds until token release time - wait_until_listing
12:44:38.629 - INFO - 25 seconds left until token release - wait_until_listing
12:45:00.004 - DEBUG - Received data: {'id': '1731155462963', 'type': 'pong'} - get_price_websocket_best_ask_bid
12:45:00.004 - DEBUG - Received data: {'topic': '/spotMarket/level2Depth5:XRP-USDT', 'type': 'message', 'subject': 'level2', 'data': {'asks': [['0.5508', '2281.4962'], ['0.55085', '539.1509'], ['0.55087', '710.651'], ['0.55088', '2956.7013'], ['0.55089', '372.531']], 'bids': [['0.55079', '4114.0664'], ['0.55076', '6571.2959'], ['0.55075', '20000'], ['0.55074', '1055'], ['0.55072', '571.522']], 'timestamp': 1731155463078}} - get_price_websocket_best_ask_bid
12:45:00.004 - INFO - data from WebSocket: {'asks': [['0.5508', '2281.4962'], ['0.55085', '539.1509'], ['0.55087', '710.651'], ['0.55088', '2956.7013'], ['0.55089', '372.531']], 'bids': [['0.55079', '4114.0664'], ['0.55076', '6571.2959'], ['0.55075', '20000'], ['0.55074', '1055'], ['0.55072', '571.522']], 'timestamp': 1731155463078}  - get_price_websocket_best_ask_bid
12:45:00.005 - DEBUG - Data from socket: {'asks': [['0.5508', '2281.4962'], ['0.55085', '539.1509'], ['0.55087', '710.651'], ['0.55088', '2956.7013'], ['0.55089', '372.531']], 'bids': [['0.55079', '4114.0664'], ['0.55076', '6571.2959'], ['0.55075', '20000'], ['0.55074', '1055'], ['0.55072', '571.522']], 'timestamp': 1731155463078} - get_price_websocket_best_ask_bid
12:45:00.005 - INFO - Successfully retrieved XRP price: {'asks': [['0.5508', '2281.4962'], ['0.55085', '539.1509'], ['0.55087', '710.651'], ['0.55088', '2956.7013'], ['0.55089', '372.531']], 'bids': [['0.55079', '4114.0664'], ['0.55076', '6571.2959'], ['0.55075', '20000'], ['0.55074', '1055'], ['0.55072', '571.522']], 'timestamp': 1731155463078} - main
12:45:00.325 - DEBUG - break for after detecting pair loop - main
12:45:00.325 - INFO - Lock released. - release_lock
2024-11-09 12:45:00.325912 script finished
======================================
12:46:02.564 - INFO - Lock acquired. - acquire_lock
12:46:02.574 - INFO - Starting script - main
12:46:02.589 - INFO - Detected new pair XRPUSDT at Nov 09, 2024, 01:00PM - main
12:46:02.589 - INFO - Release time and date: 09-11-2024 13:00:00.000 - get_price_websocket_best_ask_bid
12:46:03.049 - INFO - Subscription request sent for XRP-USDT - initialize_websocket
12:46:03.121 - INFO - Successfully subscribed to XRP-USDT - wait_for_subscription
12:46:03.121 - INFO - Waiting 836.88 seconds until token release time - wait_until_listing
12:59:38.737 - INFO - 25 seconds left until token release - wait_until_listing
13:00:00.000 - DEBUG - Received data: {'id': '1731156363050', 'type': 'pong'} - get_price_websocket_best_ask_bid
13:00:00.000 - DEBUG - Received data: {'topic': '/spotMarket/level2Depth5:XRP-USDT', 'type': 'message', 'subject': 'level2', 'data': {'asks': [['0.55021', '1816.3254'], ['0.55024', '1065.872'], ['0.55026', '2283.7326'], ['0.55029', '400'], ['0.55031', '431.6106']], 'bids': [['0.5502', '5544.9922'], ['0.55018', '473.2915'], ['0.55016', '1.2305'], ['0.55015', '719.8782'], ['0.55014', '2374.8237']], 'timestamp': 1731156363374}} - get_price_websocket_best_ask_bid
13:00:00.000 - INFO - data from WebSocket: {'asks': [['0.55021', '1816.3254'], ['0.55024', '1065.872'], ['0.55026', '2283.7326'], ['0.55029', '400'], ['0.55031', '431.6106']], 'bids': [['0.5502', '5544.9922'], ['0.55018', '473.2915'], ['0.55016', '1.2305'], ['0.55015', '719.8782'], ['0.55014', '2374.8237']], 'timestamp': 1731156363374}  - get_price_websocket_best_ask_bid
13:00:00.000 - DEBUG - Data from socket: {'asks': [['0.55021', '1816.3254'], ['0.55024', '1065.872'], ['0.55026', '2283.7326'], ['0.55029', '400'], ['0.55031', '431.6106']], 'bids': [['0.5502', '5544.9922'], ['0.55018', '473.2915'], ['0.55016', '1.2305'], ['0.55015', '719.8782'], ['0.55014', '2374.8237']], 'timestamp': 1731156363374} - get_price_websocket_best_ask_bid
13:00:00.000 - INFO - Successfully retrieved XRP price: {'asks': [['0.55021', '1816.3254'], ['0.55024', '1065.872'], ['0.55026', '2283.7326'], ['0.55029', '400'], ['0.55031', '431.6106']], 'bids': [['0.5502', '5544.9922'], ['0.55018', '473.2915'], ['0.55016', '1.2305'], ['0.55015', '719.8782'], ['0.55014', '2374.8237']], 'timestamp': 1731156363374} - main
13:00:00.366 - DEBUG - break for after detecting pair loop - main
13:00:00.366 - INFO - Lock released. - release_lock
2024-11-09 13:00:00.366783 script finished
======================================
13:01:02.614 - INFO - Lock acquired. - acquire_lock
13:01:02.617 - INFO - Starting script - main
13:01:02.635 - INFO - Detected new pair XRPUSDT at Nov 09, 2024, 01:15PM - main
13:01:02.636 - INFO - Release time and date: 09-11-2024 13:15:00.000 - get_price_websocket_best_ask_bid
13:01:03.148 - INFO - Subscription request sent for XRP-USDT - initialize_websocket
13:01:03.220 - INFO - Successfully subscribed to XRP-USDT - wait_for_subscription
13:01:03.220 - INFO - Waiting 836.78 seconds until token release time - wait_until_listing
13:14:38.821 - INFO - 25 seconds left until token release - wait_until_listing
13:15:00.002 - DEBUG - Received data: {'id': '1731157263149', 'type': 'pong'} - get_price_websocket_best_ask_bid
13:15:00.002 - DEBUG - Received data: {'topic': '/spotMarket/level2Depth5:XRP-USDT', 'type': 'message', 'subject': 'level2', 'data': {'asks': [['0.54892', '2404.2593'], ['0.54898', '2257.2377'], ['0.54899', '3276.5859'], ['0.54903', '655.9545'], ['0.54904', '2186.5149']], 'bids': [['0.54891', '6361.307'], ['0.54888', '1768.7353'], ['0.54886', '49.9608'], ['0.54885', '4042.3564'], ['0.54883', '2695.9994']], 'timestamp': 1731157263275}} - get_price_websocket_best_ask_bid
13:15:00.002 - INFO - data from WebSocket: {'asks': [['0.54892', '2404.2593'], ['0.54898', '2257.2377'], ['0.54899', '3276.5859'], ['0.54903', '655.9545'], ['0.54904', '2186.5149']], 'bids': [['0.54891', '6361.307'], ['0.54888', '1768.7353'], ['0.54886', '49.9608'], ['0.54885', '4042.3564'], ['0.54883', '2695.9994']], 'timestamp': 1731157263275}  - get_price_websocket_best_ask_bid
13:15:00.002 - DEBUG - Data from socket: {'asks': [['0.54892', '2404.2593'], ['0.54898', '2257.2377'], ['0.54899', '3276.5859'], ['0.54903', '655.9545'], ['0.54904', '2186.5149']], 'bids': [['0.54891', '6361.307'], ['0.54888', '1768.7353'], ['0.54886', '49.9608'], ['0.54885', '4042.3564'], ['0.54883', '2695.9994']], 'timestamp': 1731157263275} - get_price_websocket_best_ask_bid
13:15:00.002 - INFO - Successfully retrieved XRP price: {'asks': [['0.54892', '2404.2593'], ['0.54898', '2257.2377'], ['0.54899', '3276.5859'], ['0.54903', '655.9545'], ['0.54904', '2186.5149']], 'bids': [['0.54891', '6361.307'], ['0.54888', '1768.7353'], ['0.54886', '49.9608'], ['0.54885', '4042.3564'], ['0.54883', '2695.9994']], 'timestamp': 1731157263275} - main
13:15:00.365 - DEBUG - break for after detecting pair loop - main
13:15:00.365 - INFO - Lock released. - release_lock
2024-11-09 13:15:00.365766 script finished
======================================
13:16:02.587 - INFO - Lock acquired. - acquire_lock
13:16:02.588 - INFO - Starting script - main
13:16:02.600 - INFO - Detected new pair XRPUSDT at Nov 09, 2024, 01:30PM - main
13:16:02.616 - INFO - Release time and date: 09-11-2024 13:30:00.000 - get_price_websocket_best_ask_bid
13:16:03.780 - INFO - Subscription request sent for XRP-USDT - initialize_websocket
13:16:03.850 - INFO - Successfully subscribed to XRP-USDT - wait_for_subscription
13:16:03.850 - INFO - Waiting 836.15 seconds until token release time - wait_until_listing
13:29:39.436 - INFO - 25 seconds left until token release - wait_until_listing
13:30:00.001 - DEBUG - Received data: {'id': '1731158163780', 'type': 'pong'} - get_price_websocket_best_ask_bid
13:30:00.003 - DEBUG - Received data: {'topic': '/spotMarket/level2Depth5:XRP-USDT', 'type': 'message', 'subject': 'level2', 'data': {'asks': [['0.54917', '1686.2137'], ['0.5492', '20.6707'], ['0.54922', '18.2078'], ['0.54923', '63.6342'], ['0.54924', '1278.7123']], 'bids': [['0.54916', '5138.4033'], ['0.54914', '1446.8799'], ['0.54913', '2981.5952'], ['0.54912', '2177.6269'], ['0.54911', '1035.3']], 'timestamp': 1731158163824}} - get_price_websocket_best_ask_bid
13:30:00.004 - INFO - data from WebSocket: {'asks': [['0.54917', '1686.2137'], ['0.5492', '20.6707'], ['0.54922', '18.2078'], ['0.54923', '63.6342'], ['0.54924', '1278.7123']], 'bids': [['0.54916', '5138.4033'], ['0.54914', '1446.8799'], ['0.54913', '2981.5952'], ['0.54912', '2177.6269'], ['0.54911', '1035.3']], 'timestamp': 1731158163824}  - get_price_websocket_best_ask_bid
13:30:00.008 - DEBUG - Data from socket: {'asks': [['0.54917', '1686.2137'], ['0.5492', '20.6707'], ['0.54922', '18.2078'], ['0.54923', '63.6342'], ['0.54924', '1278.7123']], 'bids': [['0.54916', '5138.4033'], ['0.54914', '1446.8799'], ['0.54913', '2981.5952'], ['0.54912', '2177.6269'], ['0.54911', '1035.3']], 'timestamp': 1731158163824} - get_price_websocket_best_ask_bid
13:30:00.010 - INFO - Successfully retrieved XRP price: {'asks': [['0.54917', '1686.2137'], ['0.5492', '20.6707'], ['0.54922', '18.2078'], ['0.54923', '63.6342'], ['0.54924', '1278.7123']], 'bids': [['0.54916', '5138.4033'], ['0.54914', '1446.8799'], ['0.54913', '2981.5952'], ['0.54912', '2177.6269'], ['0.54911', '1035.3']], 'timestamp': 1731158163824} - main
13:30:00.355 - DEBUG - break for after detecting pair loop - main
13:30:00.355 - INFO - Lock released. - release_lock
2024-11-09 13:30:00.355587 script finished
======================================
13:31:02.391 - INFO - Lock acquired. - acquire_lock
13:31:02.397 - INFO - Starting script - main
13:31:02.411 - INFO - Detected new pair XRPUSDT at Nov 09, 2024, 01:45PM - main
13:31:02.416 - INFO - Release time and date: 09-11-2024 13:45:00.000 - get_price_websocket_best_ask_bid
13:31:02.863 - INFO - Subscription request sent for XRP-USDT - initialize_websocket
13:31:02.937 - INFO - Successfully subscribed to XRP-USDT - wait_for_subscription
13:31:02.938 - INFO - Waiting 837.06 seconds until token release time - wait_until_listing
13:44:38.509 - INFO - 25 seconds left until token release - wait_until_listing
13:45:00.000 - DEBUG - Received data: {'id': '1731159062864', 'type': 'pong'} - get_price_websocket_best_ask_bid
13:45:00.000 - DEBUG - Received data: {'topic': '/spotMarket/level2Depth5:XRP-USDT', 'type': 'message', 'subject': 'level2', 'data': {'asks': [['0.5481', '211.7334'], ['0.54813', '2679.0101'], ['0.54815', '18.2422'], ['0.54816', '1032.2'], ['0.54819', '923.732']], 'bids': [['0.54809', '974.2104'], ['0.54808', '819.7113'], ['0.54806', '364.7634'], ['0.54805', '1579.1542'], ['0.54804', '5263.8474']], 'timestamp': 1731159063102}} - get_price_websocket_best_ask_bid
13:45:00.016 - INFO - data from WebSocket: {'asks': [['0.5481', '211.7334'], ['0.54813', '2679.0101'], ['0.54815', '18.2422'], ['0.54816', '1032.2'], ['0.54819', '923.732']], 'bids': [['0.54809', '974.2104'], ['0.54808', '819.7113'], ['0.54806', '364.7634'], ['0.54805', '1579.1542'], ['0.54804', '5263.8474']], 'timestamp': 1731159063102}  - get_price_websocket_best_ask_bid
13:45:00.016 - DEBUG - Data from socket: {'asks': [['0.5481', '211.7334'], ['0.54813', '2679.0101'], ['0.54815', '18.2422'], ['0.54816', '1032.2'], ['0.54819', '923.732']], 'bids': [['0.54809', '974.2104'], ['0.54808', '819.7113'], ['0.54806', '364.7634'], ['0.54805', '1579.1542'], ['0.54804', '5263.8474']], 'timestamp': 1731159063102} - get_price_websocket_best_ask_bid
13:45:00.016 - INFO - Successfully retrieved XRP price: {'asks': [['0.5481', '211.7334'], ['0.54813', '2679.0101'], ['0.54815', '18.2422'], ['0.54816', '1032.2'], ['0.54819', '923.732']], 'bids': [['0.54809', '974.2104'], ['0.54808', '819.7113'], ['0.54806', '364.7634'], ['0.54805', '1579.1542'], ['0.54804', '5263.8474']], 'timestamp': 1731159063102} - main
13:45:00.364 - DEBUG - break for after detecting pair loop - main
13:45:00.365 - INFO - Lock released. - release_lock
2024-11-09 13:45:00.365063 script finished
======================================
13:46:02.445 - INFO - Lock acquired. - acquire_lock
13:46:02.445 - INFO - Starting script - main
13:46:02.464 - INFO - Detected new pair XRPUSDT at Nov 09, 2024, 02:00PM - main
13:46:02.464 - INFO - Release time and date: 09-11-2024 14:00:00.000 - get_price_websocket_best_ask_bid
13:46:02.881 - INFO - Subscription request sent for XRP-USDT - initialize_websocket
13:46:02.949 - INFO - Successfully subscribed to XRP-USDT - wait_for_subscription
13:46:02.950 - INFO - Waiting 837.05 seconds until token release time - wait_until_listing
13:59:38.552 - INFO - 25 seconds left until token release - wait_until_listing
14:00:00.001 - DEBUG - Received data: {'id': '1731159962881', 'type': 'pong'} - get_price_websocket_best_ask_bid
14:00:00.003 - DEBUG - Received data: {'topic': '/spotMarket/level2Depth5:XRP-USDT', 'type': 'message', 'subject': 'level2', 'data': {'asks': [['0.5485', '2496.9201'], ['0.54851', '45.6997'], ['0.54855', '838.0857'], ['0.54856', '2811.8441'], ['0.5486', '1051']], 'bids': [['0.54849', '3222.7972'], ['0.54846', '364.4931'], ['0.54845', '452.6167'], ['0.54844', '93.2025'], ['0.54843', '1051']], 'timestamp': 1731159963077}} - get_price_websocket_best_ask_bid
14:00:00.003 - INFO - data from WebSocket: {'asks': [['0.5485', '2496.9201'], ['0.54851', '45.6997'], ['0.54855', '838.0857'], ['0.54856', '2811.8441'], ['0.5486', '1051']], 'bids': [['0.54849', '3222.7972'], ['0.54846', '364.4931'], ['0.54845', '452.6167'], ['0.54844', '93.2025'], ['0.54843', '1051']], 'timestamp': 1731159963077}  - get_price_websocket_best_ask_bid
14:00:00.004 - DEBUG - Data from socket: {'asks': [['0.5485', '2496.9201'], ['0.54851', '45.6997'], ['0.54855', '838.0857'], ['0.54856', '2811.8441'], ['0.5486', '1051']], 'bids': [['0.54849', '3222.7972'], ['0.54846', '364.4931'], ['0.54845', '452.6167'], ['0.54844', '93.2025'], ['0.54843', '1051']], 'timestamp': 1731159963077} - get_price_websocket_best_ask_bid
14:00:00.009 - INFO - Successfully retrieved XRP price: {'asks': [['0.5485', '2496.9201'], ['0.54851', '45.6997'], ['0.54855', '838.0857'], ['0.54856', '2811.8441'], ['0.5486', '1051']], 'bids': [['0.54849', '3222.7972'], ['0.54846', '364.4931'], ['0.54845', '452.6167'], ['0.54844', '93.2025'], ['0.54843', '1051']], 'timestamp': 1731159963077} - main
14:00:00.377 - DEBUG - break for after detecting pair loop - main
14:00:00.378 - INFO - Lock released. - release_lock
2024-11-09 14:00:00.378367 script finished
======================================
14:01:02.397 - INFO - Lock acquired. - acquire_lock
14:01:02.408 - INFO - Starting script - main
14:01:02.433 - INFO - Lock released. - release_lock
2024-11-09 14:01:02.433303 script finished
======================================
14:16:02.468 - INFO - Lock acquired. - acquire_lock
14:16:02.478 - INFO - Starting script - main
14:16:02.501 - INFO - Lock released. - release_lock
2024-11-09 14:16:02.501939 script finished
======================================
14:31:02.142 - INFO - Lock acquired. - acquire_lock
14:31:02.146 - INFO - Starting script - main
14:31:02.167 - INFO - Lock released. - release_lock
2024-11-09 14:31:02.184465 script finished
======================================
14:46:02.474 - INFO - Lock acquired. - acquire_lock
14:46:02.480 - INFO - Starting script - main
14:46:02.492 - INFO - Lock released. - release_lock
2024-11-09 14:46:02.500482 script finished
======================================
15:01:02.743 - INFO - Lock acquired. - acquire_lock
15:01:02.743 - INFO - Starting script - main
15:01:02.775 - INFO - Lock released. - release_lock
2024-11-09 15:01:02.784405 script finished
======================================
15:16:02.826 - INFO - Lock acquired. - acquire_lock
15:16:02.842 - INFO - Starting script - main
15:16:02.858 - INFO - Lock released. - release_lock
2024-11-09 15:16:02.864405 script finished
======================================
15:31:02.364 - INFO - Lock acquired. - acquire_lock
15:31:02.364 - INFO - Starting script - main
15:31:02.385 - INFO - Lock released. - release_lock
2024-11-09 15:31:02.385403 script finished
======================================
15:46:02.756 - INFO - Lock acquired. - acquire_lock
15:46:02.756 - INFO - Starting script - main
15:46:02.775 - INFO - Lock released. - release_lock
2024-11-09 15:46:02.788399 script finished
======================================
16:01:02.707 - INFO - Lock acquired. - acquire_lock
16:01:02.720 - INFO - Starting script - main
16:01:02.742 - INFO - Lock released. - release_lock
2024-11-09 16:01:02.746951 script finished
======================================
16:16:02.026 - INFO - Lock acquired. - acquire_lock
16:16:02.026 - INFO - Starting script - main
16:16:02.059 - INFO - Lock released. - release_lock
2024-11-09 16:16:02.060061 script finished
======================================
16:31:02.658 - INFO - Lock acquired. - acquire_lock
16:31:02.659 - INFO - Starting script - main
16:31:02.698 - INFO - Lock released. - release_lock
2024-11-09 16:31:02.698805 script finished
======================================
16:46:02.190 - INFO - Lock acquired. - acquire_lock
16:46:02.196 - INFO - Starting script - main
16:46:02.232 - INFO - Lock released. - release_lock
2024-11-09 16:46:02.235586 script finished
======================================
17:01:02.367 - INFO - Lock acquired. - acquire_lock
17:01:02.367 - INFO - Starting script - main
17:01:02.391 - INFO - Lock released. - release_lock
2024-11-09 17:01:02.391757 script finished
======================================
17:16:01.911 - INFO - Lock acquired. - acquire_lock
17:16:01.927 - INFO - Starting script - main
17:16:01.950 - INFO - Lock released. - release_lock
2024-11-09 17:16:01.956401 script finished
======================================
17:31:02.452 - INFO - Lock acquired. - acquire_lock
17:31:02.452 - INFO - Starting script - main
17:31:02.495 - INFO - Lock released. - release_lock
2024-11-09 17:31:02.495639 script finished
======================================
17:46:01.927 - INFO - Lock acquired. - acquire_lock
17:46:01.927 - INFO - Starting script - main
17:46:01.948 - INFO - Lock released. - release_lock
2024-11-09 17:46:01.948217 script finished
======================================
18:01:01.824 - INFO - Lock acquired. - acquire_lock
18:01:01.828 - INFO - Starting script - main
18:01:01.853 - INFO - Lock released. - release_lock
2024-11-09 18:01:01.860449 script finished
======================================
18:16:01.864 - INFO - Lock acquired. - acquire_lock
18:16:01.873 - INFO - Starting script - main
18:16:01.884 - INFO - Lock released. - release_lock
2024-11-09 18:16:01.900556 script finished
======================================
18:31:02.451 - INFO - Lock acquired. - acquire_lock
18:31:02.451 - INFO - Starting script - main
18:31:02.478 - INFO - Lock released. - release_lock
2024-11-09 18:31:02.478315 script finished
======================================
18:46:02.042 - INFO - Lock acquired. - acquire_lock
18:46:02.042 - INFO - Starting script - main
18:46:02.074 - INFO - Lock released. - release_lock
2024-11-09 18:46:02.075031 script finished
======================================
19:01:02.643 - INFO - Lock acquired. - acquire_lock
19:01:02.643 - INFO - Starting script - main
19:01:02.665 - INFO - Lock released. - release_lock
2024-11-09 19:01:02.672398 script finished
======================================
19:16:02.035 - INFO - Lock acquired. - acquire_lock
19:16:02.044 - INFO - Starting script - main
19:16:02.051 - INFO - Lock released. - release_lock
2024-11-09 19:16:02.072470 script finished
======================================
19:31:02.567 - INFO - Lock acquired. - acquire_lock
19:31:02.567 - INFO - Starting script - main
19:31:02.590 - INFO - Lock released. - release_lock
2024-11-09 19:31:02.590951 script finished
======================================
19:46:02.675 - INFO - Lock acquired. - acquire_lock
19:46:02.675 - INFO - Starting script - main
19:46:02.705 - INFO - Lock released. - release_lock
2024-11-09 19:46:02.705493 script finished
======================================
20:01:02.907 - INFO - Lock acquired. - acquire_lock
20:01:02.907 - INFO - Starting script - main
20:01:02.942 - INFO - Lock released. - release_lock
2024-11-09 20:01:02.942166 script finished
======================================
20:16:02.073 - INFO - Lock acquired. - acquire_lock
20:16:02.073 - INFO - Starting script - main
20:16:02.091 - INFO - Lock released. - release_lock
2024-11-09 20:16:02.091957 script finished
======================================
20:31:02.449 - INFO - Lock acquired. - acquire_lock
20:31:02.449 - INFO - Starting script - main
20:31:02.469 - INFO - Lock released. - release_lock
2024-11-09 20:31:02.470069 script finished
======================================
20:46:01.992 - INFO - Lock acquired. - acquire_lock
20:46:01.992 - INFO - Starting script - main
20:46:02.018 - INFO - Lock released. - release_lock
2024-11-09 20:46:02.018735 script finished
======================================
21:01:02.739 - INFO - Lock acquired. - acquire_lock
21:01:02.739 - INFO - Starting script - main
21:01:02.755 - INFO - Lock released. - release_lock
2024-11-09 21:01:02.756027 script finished
======================================
21:16:02.423 - INFO - Lock acquired. - acquire_lock
21:16:02.423 - INFO - Starting script - main
21:16:02.454 - INFO - Lock released. - release_lock
2024-11-09 21:16:02.454296 script finished
======================================
21:31:02.738 - INFO - Lock acquired. - acquire_lock
21:31:02.742 - INFO - Starting script - main
21:31:02.748 - INFO - Lock released. - release_lock
2024-11-09 21:31:02.763783 script finished
======================================
21:46:02.623 - INFO - Lock acquired. - acquire_lock
21:46:02.644 - INFO - Starting script - main
21:46:02.655 - INFO - Lock released. - release_lock
2024-11-09 21:46:02.668484 script finished
======================================
22:01:02.714 - INFO - Lock acquired. - acquire_lock
22:01:02.722 - INFO - Starting script - main
22:01:02.747 - INFO - Lock released. - release_lock
2024-11-09 22:01:02.747893 script finished
======================================
22:16:02.693 - INFO - Lock acquired. - acquire_lock
22:16:02.693 - INFO - Starting script - main
22:16:02.717 - INFO - Lock released. - release_lock
2024-11-09 22:16:02.717443 script finished
======================================
22:31:02.348 - INFO - Lock acquired. - acquire_lock
22:31:02.362 - INFO - Starting script - main
22:31:02.390 - INFO - Lock released. - release_lock
2024-11-09 22:31:02.390985 script finished
======================================
22:46:02.275 - INFO - Lock acquired. - acquire_lock
22:46:02.275 - INFO - Starting script - main
22:46:02.307 - INFO - Lock released. - release_lock
2024-11-09 22:46:02.312390 script finished
======================================
23:01:02.319 - INFO - Lock acquired. - acquire_lock
23:01:02.320 - INFO - Starting script - main
23:01:02.353 - INFO - Lock released. - release_lock
2024-11-09 23:01:02.353242 script finished
======================================
23:16:02.229 - INFO - Lock acquired. - acquire_lock
23:16:02.229 - INFO - Starting script - main
23:16:02.260 - INFO - Lock released. - release_lock
2024-11-09 23:16:02.260685 script finished
======================================
23:31:02.637 - INFO - Lock acquired. - acquire_lock
23:31:02.640 - INFO - Starting script - main
23:31:02.666 - INFO - Lock released. - release_lock
2024-11-09 23:31:02.666306 script finished
======================================
23:46:02.489 - INFO - Lock acquired. - acquire_lock
23:46:02.492 - INFO - Starting script - main
23:46:02.513 - INFO - Lock released. - release_lock
2024-11-09 23:46:02.518149 script finished
======================================
00:01:01.889 - INFO - Lock acquired. - acquire_lock
00:01:01.894 - INFO - Starting script - main
00:01:01.902 - INFO - Lock released. - release_lock
2024-11-10 00:01:01.914820 script finished
======================================
00:16:02.591 - INFO - Lock acquired. - acquire_lock
00:16:02.591 - INFO - Starting script - main
00:16:02.613 - INFO - Lock released. - release_lock
2024-11-10 00:16:02.614072 script finished
======================================
00:31:02.702 - INFO - Lock acquired. - acquire_lock
00:31:02.708 - INFO - Starting script - main
00:31:02.720 - INFO - Lock released. - release_lock
2024-11-10 00:31:02.740425 script finished
======================================
00:46:02.264 - INFO - Lock acquired. - acquire_lock
00:46:02.270 - INFO - Starting script - main
00:46:02.298 - INFO - Lock released. - release_lock
2024-11-10 00:46:02.312432 script finished
======================================
01:01:02.674 - INFO - Lock acquired. - acquire_lock
01:01:02.674 - INFO - Starting script - main
01:01:02.699 - INFO - Lock released. - release_lock
2024-11-10 01:01:02.708412 script finished
======================================
01:16:02.287 - INFO - Lock acquired. - acquire_lock
01:16:02.287 - INFO - Starting script - main
01:16:02.319 - INFO - Lock released. - release_lock
2024-11-10 01:16:02.319176 script finished
======================================
01:31:02.834 - INFO - Lock acquired. - acquire_lock
01:31:02.835 - INFO - Starting script - main
01:31:02.852 - INFO - Lock released. - release_lock
2024-11-10 01:31:02.852153 script finished
======================================
01:46:02.571 - INFO - Lock acquired. - acquire_lock
01:46:02.571 - INFO - Starting script - main
01:46:02.590 - INFO - Lock released. - release_lock
2024-11-10 01:46:02.590458 script finished
======================================
02:01:01.995 - INFO - Lock acquired. - acquire_lock
02:01:01.995 - INFO - Starting script - main
02:01:02.041 - INFO - Lock released. - release_lock
2024-11-10 02:01:02.041257 script finished
======================================
02:16:02.604 - INFO - Lock acquired. - acquire_lock
02:16:02.620 - INFO - Starting script - main
02:16:02.633 - INFO - Lock released. - release_lock
2024-11-10 02:16:02.633817 script finished
======================================
02:31:01.815 - INFO - Lock acquired. - acquire_lock
02:31:01.815 - INFO - Starting script - main
02:31:01.846 - INFO - Lock released. - release_lock
2024-11-10 02:31:01.846600 script finished
======================================
02:46:02.197 - INFO - Lock acquired. - acquire_lock
02:46:02.197 - INFO - Starting script - main
02:46:02.230 - INFO - Lock released. - release_lock
2024-11-10 02:46:02.230862 script finished
======================================
03:01:02.732 - INFO - Lock acquired. - acquire_lock
03:01:02.744 - INFO - Starting script - main
03:01:02.762 - INFO - Lock released. - release_lock
2024-11-10 03:01:02.763018 script finished
======================================
03:16:02.821 - INFO - Lock acquired. - acquire_lock
03:16:02.821 - INFO - Starting script - main
03:16:02.844 - INFO - Lock released. - release_lock
2024-11-10 03:16:02.856479 script finished
======================================
03:31:02.373 - INFO - Lock acquired. - acquire_lock
03:31:02.373 - INFO - Starting script - main
03:31:02.398 - INFO - Lock released. - release_lock
2024-11-10 03:31:02.398367 script finished
======================================
03:46:02.346 - INFO - Lock acquired. - acquire_lock
03:46:02.346 - INFO - Starting script - main
03:46:02.383 - INFO - Lock released. - release_lock
2024-11-10 03:46:02.383237 script finished
======================================
04:01:02.017 - INFO - Lock acquired. - acquire_lock
04:01:02.017 - INFO - Starting script - main
04:01:02.036 - INFO - Lock released. - release_lock
2024-11-10 04:01:02.048559 script finished
======================================
04:16:02.081 - INFO - Lock acquired. - acquire_lock
04:16:02.081 - INFO - Starting script - main
04:16:02.120 - INFO - Lock released. - release_lock
2024-11-10 04:16:02.120960 script finished
======================================
04:31:02.586 - INFO - Lock acquired. - acquire_lock
04:31:02.586 - INFO - Starting script - main
04:31:02.616 - INFO - Lock released. - release_lock
2024-11-10 04:31:02.616440 script finished
======================================
04:46:02.193 - INFO - Lock acquired. - acquire_lock
04:46:02.193 - INFO - Starting script - main
04:46:02.226 - INFO - Lock released. - release_lock
2024-11-10 04:46:02.226384 script finished
======================================
05:01:02.885 - INFO - Lock acquired. - acquire_lock
05:01:02.885 - INFO - Starting script - main
05:01:02.922 - INFO - Lock released. - release_lock
2024-11-10 05:01:02.922591 script finished
======================================
05:16:02.085 - INFO - Lock acquired. - acquire_lock
05:16:02.085 - INFO - Starting script - main
05:16:02.108 - INFO - Lock released. - release_lock
2024-11-10 05:16:02.108593 script finished
======================================
05:31:02.555 - INFO - Lock acquired. - acquire_lock
05:31:02.555 - INFO - Starting script - main
05:31:02.579 - INFO - Lock released. - release_lock
2024-11-10 05:31:02.579653 script finished
======================================
05:46:02.477 - INFO - Lock acquired. - acquire_lock
05:46:02.477 - INFO - Starting script - main
05:46:02.501 - INFO - Lock released. - release_lock
2024-11-10 05:46:02.501494 script finished
======================================
06:01:02.174 - INFO - Lock acquired. - acquire_lock
06:01:02.174 - INFO - Starting script - main
06:01:02.197 - INFO - Lock released. - release_lock
2024-11-10 06:01:02.198010 script finished
======================================
06:16:02.406 - INFO - Lock acquired. - acquire_lock
06:16:02.406 - INFO - Starting script - main
06:16:02.429 - INFO - Lock released. - release_lock
2024-11-10 06:16:02.429709 script finished
======================================
06:31:02.811 - INFO - Lock acquired. - acquire_lock
06:31:02.811 - INFO - Starting script - main
06:31:02.833 - INFO - Lock released. - release_lock
2024-11-10 06:31:02.834057 script finished
======================================
06:46:01.910 - INFO - Lock acquired. - acquire_lock
06:46:01.910 - INFO - Starting script - main
06:46:01.945 - INFO - Lock released. - release_lock
2024-11-10 06:46:01.945695 script finished
======================================
07:01:02.002 - INFO - Lock acquired. - acquire_lock
07:01:02.002 - INFO - Starting script - main
07:01:02.018 - INFO - Lock released. - release_lock
2024-11-10 07:01:02.018228 script finished
======================================
07:16:02.124 - INFO - Lock acquired. - acquire_lock
07:16:02.124 - INFO - Starting script - main
07:16:02.153 - INFO - Lock released. - release_lock
2024-11-10 07:16:02.153201 script finished
======================================
07:31:02.564 - INFO - Lock acquired. - acquire_lock
07:31:02.564 - INFO - Starting script - main
07:31:02.599 - INFO - Lock released. - release_lock
2024-11-10 07:31:02.599766 script finished
======================================
07:46:02.173 - INFO - Lock acquired. - acquire_lock
07:46:02.173 - INFO - Starting script - main
07:46:02.209 - INFO - Lock released. - release_lock
2024-11-10 07:46:02.209164 script finished
======================================
08:01:02.249 - INFO - Lock acquired. - acquire_lock
08:01:02.249 - INFO - Starting script - main
08:01:02.267 - INFO - Lock released. - release_lock
2024-11-10 08:01:02.267286 script finished
======================================
08:16:01.776 - INFO - Lock acquired. - acquire_lock
08:16:01.776 - INFO - Starting script - main
08:16:01.806 - INFO - Lock released. - release_lock
2024-11-10 08:16:01.807099 script finished
======================================
08:31:02.338 - INFO - Lock acquired. - acquire_lock
08:31:02.338 - INFO - Starting script - main
08:31:02.366 - INFO - Lock released. - release_lock
2024-11-10 08:31:02.366741 script finished
======================================
08:46:02.220 - INFO - Lock acquired. - acquire_lock
08:46:02.228 - INFO - Starting script - main
08:46:02.246 - INFO - Lock released. - release_lock
2024-11-10 08:46:02.254533 script finished
======================================
09:01:02.578 - INFO - Lock acquired. - acquire_lock
09:01:02.584 - INFO - Starting script - main
09:01:02.592 - INFO - Lock released. - release_lock
2024-11-10 09:01:02.608398 script finished
======================================
09:16:02.854 - INFO - Lock acquired. - acquire_lock
09:16:02.854 - INFO - Starting script - main
09:16:02.867 - INFO - Lock released. - release_lock
2024-11-10 09:16:02.867382 script finished
======================================
09:31:02.199 - INFO - Lock acquired. - acquire_lock
09:31:02.204 - INFO - Starting script - main
09:31:02.220 - INFO - Lock released. - release_lock
2024-11-10 09:31:02.228507 script finished
======================================
09:46:02.720 - INFO - Lock acquired. - acquire_lock
09:46:02.728 - INFO - Starting script - main
09:46:02.741 - INFO - Lock released. - release_lock
2024-11-10 09:46:02.747237 script finished
======================================
10:01:02.655 - INFO - Lock acquired. - acquire_lock
10:01:02.664 - INFO - Starting script - main
10:01:02.687 - INFO - Lock released. - release_lock
2024-11-10 10:01:02.687917 script finished
======================================
10:16:02.935 - INFO - Lock acquired. - acquire_lock
10:16:02.952 - INFO - Starting script - main
10:16:02.971 - INFO - Lock released. - release_lock
2024-11-10 10:16:02.988428 script finished
======================================
10:31:02.322 - INFO - Lock acquired. - acquire_lock
10:31:02.332 - INFO - Starting script - main
10:31:02.369 - INFO - Lock released. - release_lock
2024-11-10 10:31:02.369392 script finished
======================================
10:46:02.171 - INFO - Lock acquired. - acquire_lock
10:46:02.187 - INFO - Starting script - main
10:46:02.211 - INFO - Lock released. - release_lock
2024-11-10 10:46:02.222669 script finished
======================================
11:01:03.122 - INFO - Lock acquired. - acquire_lock
11:01:03.132 - INFO - Starting script - main
11:01:03.155 - INFO - Lock released. - release_lock
2024-11-10 11:01:03.156018 script finished
======================================
11:16:02.343 - INFO - Lock acquired. - acquire_lock
11:16:02.348 - INFO - Starting script - main
11:16:02.367 - INFO - Lock released. - release_lock
2024-11-10 11:16:02.388393 script finished
======================================
11:31:03.199 - INFO - Lock acquired. - acquire_lock
11:31:03.211 - INFO - Starting script - main
11:31:03.238 - INFO - Lock released. - release_lock
2024-11-10 11:31:03.249760 script finished
======================================
11:46:03.180 - INFO - Lock acquired. - acquire_lock
11:46:03.191 - INFO - Starting script - main
11:46:03.218 - INFO - Lock released. - release_lock
2024-11-10 11:46:03.229300 script finished
======================================
12:01:02.862 - INFO - Lock acquired. - acquire_lock
12:01:02.863 - INFO - Starting script - main
12:01:02.893 - INFO - Lock released. - release_lock
2024-11-10 12:01:02.893353 script finished
======================================
12:16:02.309 - INFO - Lock acquired. - acquire_lock
12:16:02.310 - INFO - Starting script - main
12:16:02.341 - INFO - Lock released. - release_lock
2024-11-10 12:16:02.344405 script finished
======================================
12:31:03.151 - INFO - Lock acquired. - acquire_lock
12:31:03.153 - INFO - Starting script - main
12:31:03.171 - INFO - Lock released. - release_lock
2024-11-10 12:31:03.184455 script finished
======================================
12:46:02.592 - INFO - Lock acquired. - acquire_lock
12:46:02.612 - INFO - Starting script - main
12:46:02.645 - INFO - Lock released. - release_lock
2024-11-10 12:46:02.649811 script finished
======================================
13:01:02.708 - INFO - Lock acquired. - acquire_lock
13:01:02.711 - INFO - Starting script - main
13:01:02.750 - INFO - Lock released. - release_lock
2024-11-10 13:01:02.759333 script finished
======================================
13:16:02.123 - INFO - Lock acquired. - acquire_lock
13:16:02.144 - INFO - Starting script - main
13:16:02.185 - INFO - Lock released. - release_lock
2024-11-10 13:16:02.188405 script finished
======================================
13:31:03.102 - INFO - Lock acquired. - acquire_lock
13:31:03.112 - INFO - Starting script - main
13:31:03.139 - INFO - Lock released. - release_lock
2024-11-10 13:31:03.148421 script finished
======================================
13:46:03.079 - INFO - Lock acquired. - acquire_lock
13:46:03.088 - INFO - Starting script - main
13:46:03.119 - INFO - Lock released. - release_lock
2024-11-10 13:46:03.136432 script finished
======================================
14:01:02.734 - INFO - Lock acquired. - acquire_lock
14:01:02.743 - INFO - Starting script - main
14:01:02.775 - INFO - Lock released. - release_lock
2024-11-10 14:01:02.775563 script finished
======================================
14:16:02.616 - INFO - Lock acquired. - acquire_lock
14:16:02.629 - INFO - Starting script - main
14:16:02.655 - INFO - Lock released. - release_lock
2024-11-10 14:16:02.660542 script finished
======================================
14:31:02.606 - INFO - Lock acquired. - acquire_lock
14:31:02.608 - INFO - Starting script - main
14:31:02.652 - INFO - Lock released. - release_lock
2024-11-10 14:31:02.653062 script finished
======================================
14:46:02.956 - INFO - Lock acquired. - acquire_lock
14:46:02.957 - INFO - Starting script - main
14:46:02.988 - INFO - Lock released. - release_lock
2024-11-10 14:46:02.988564 script finished
======================================
15:01:03.221 - INFO - Lock acquired. - acquire_lock
15:01:03.228 - INFO - Starting script - main
15:01:03.256 - INFO - Lock released. - release_lock
2024-11-10 15:01:03.267638 script finished
======================================
15:16:03.135 - INFO - Lock acquired. - acquire_lock
15:16:03.142 - INFO - Starting script - main
15:16:03.177 - INFO - Lock released. - release_lock
2024-11-10 15:16:03.180408 script finished
======================================
15:31:02.993 - INFO - Lock acquired. - acquire_lock
15:31:03.012 - INFO - Starting script - main
15:31:03.035 - INFO - Lock released. - release_lock
2024-11-10 15:31:03.046243 script finished
======================================
15:46:02.324 - INFO - Lock acquired. - acquire_lock
15:46:02.326 - INFO - Starting script - main
15:46:02.355 - INFO - Lock released. - release_lock
2024-11-10 15:46:02.372433 script finished
======================================
16:01:02.721 - INFO - Lock acquired. - acquire_lock
16:01:02.724 - INFO - Starting script - main
16:01:02.743 - INFO - Lock released. - release_lock
2024-11-10 16:01:02.758915 script finished
======================================
16:16:02.191 - INFO - Lock acquired. - acquire_lock
16:16:02.212 - INFO - Starting script - main
16:16:02.231 - INFO - Lock released. - release_lock
2024-11-10 16:16:02.248412 script finished
======================================
16:31:02.947 - INFO - Lock acquired. - acquire_lock
16:31:02.947 - INFO - Starting script - main
16:31:02.990 - INFO - Lock released. - release_lock
2024-11-10 16:31:02.990235 script finished
======================================
16:46:02.291 - INFO - Lock acquired. - acquire_lock
16:46:02.304 - INFO - Starting script - main
16:46:02.327 - INFO - Lock released. - release_lock
2024-11-10 16:46:02.344458 script finished
======================================
17:01:02.655 - INFO - Lock acquired. - acquire_lock
17:01:02.680 - INFO - Starting script - main
17:01:02.716 - INFO - Lock released. - release_lock
2024-11-10 17:01:02.716799 script finished
======================================
17:16:02.720 - INFO - Lock acquired. - acquire_lock
17:16:02.724 - INFO - Starting script - main
17:16:02.744 - INFO - Lock released. - release_lock
2024-11-10 17:16:02.748730 script finished
======================================
17:31:02.767 - INFO - Lock acquired. - acquire_lock
17:31:02.801 - INFO - Starting script - main
17:31:02.865 - INFO - Lock released. - release_lock
2024-11-10 17:31:02.866054 script finished
======================================
17:46:02.250 - INFO - Lock acquired. - acquire_lock
17:46:02.264 - INFO - Starting script - main
17:46:02.287 - INFO - Lock released. - release_lock
2024-11-10 17:46:02.296410 script finished
======================================
18:01:04.005 - INFO - Lock acquired. - acquire_lock
18:01:04.009 - INFO - Starting script - main
18:01:04.040 - INFO - Lock released. - release_lock
2024-11-10 18:01:04.076461 script finished
======================================
18:16:03.074 - INFO - Lock acquired. - acquire_lock
18:16:03.074 - INFO - Starting script - main
18:16:03.131 - INFO - Lock released. - release_lock
2024-11-10 18:16:03.131649 script finished
======================================
18:31:02.598 - INFO - Lock acquired. - acquire_lock
18:31:02.612 - INFO - Starting script - main
18:31:02.639 - INFO - Lock released. - release_lock
2024-11-10 18:31:02.648399 script finished
======================================
18:46:03.031 - INFO - Lock acquired. - acquire_lock
18:46:03.047 - INFO - Starting script - main
18:46:03.074 - INFO - Lock released. - release_lock
2024-11-10 18:46:03.080388 script finished
======================================
19:01:03.019 - INFO - Lock acquired. - acquire_lock
19:01:03.019 - INFO - Starting script - main
19:01:03.069 - INFO - Lock released. - release_lock
2024-11-10 19:01:03.069194 script finished
======================================
19:16:02.931 - INFO - Lock acquired. - acquire_lock
19:16:02.944 - INFO - Starting script - main
19:16:02.966 - INFO - Lock released. - release_lock
2024-11-10 19:16:02.977580 script finished
======================================
19:31:03.147 - INFO - Lock acquired. - acquire_lock
19:31:03.164 - INFO - Starting script - main
19:31:03.197 - INFO - Lock released. - release_lock
2024-11-10 19:31:03.197388 script finished
======================================
19:46:02.614 - INFO - Lock acquired. - acquire_lock
19:46:02.614 - INFO - Starting script - main
19:46:02.671 - INFO - Lock released. - release_lock
2024-11-10 19:46:02.672014 script finished
======================================
20:01:02.689 - INFO - Lock acquired. - acquire_lock
20:01:02.689 - INFO - Starting script - main
20:01:02.695 - INFO - Lock released. - release_lock
2024-11-10 20:01:02.695922 script finished
======================================
20:16:02.948 - INFO - Lock acquired. - acquire_lock
20:16:02.949 - INFO - Starting script - main
20:16:02.985 - INFO - Lock released. - release_lock
2024-11-10 20:16:02.992437 script finished
======================================
20:31:02.957 - INFO - Lock acquired. - acquire_lock
20:31:02.957 - INFO - Starting script - main
20:31:02.987 - INFO - Lock released. - release_lock
2024-11-10 20:31:02.988155 script finished
======================================
20:46:03.017 - INFO - Lock acquired. - acquire_lock
20:46:03.024 - INFO - Starting script - main
20:46:03.061 - INFO - Lock released. - release_lock
2024-11-10 20:46:03.061980 script finished
======================================
21:01:02.666 - INFO - Lock acquired. - acquire_lock
21:01:02.667 - INFO - Starting script - main
21:01:02.702 - INFO - Lock released. - release_lock
2024-11-10 21:01:02.712417 script finished
======================================
21:16:03.111 - INFO - Lock acquired. - acquire_lock
21:16:03.111 - INFO - Starting script - main
21:16:03.154 - INFO - Lock released. - release_lock
2024-11-10 21:16:03.159194 script finished
======================================
21:31:02.915 - INFO - Lock acquired. - acquire_lock
21:31:02.932 - INFO - Starting script - main
21:31:02.973 - INFO - Lock released. - release_lock
2024-11-10 21:31:02.981634 script finished
======================================
21:46:02.456 - INFO - Lock acquired. - acquire_lock
21:46:02.465 - INFO - Starting script - main
21:46:02.488 - INFO - Lock released. - release_lock
2024-11-10 21:46:02.508392 script finished
======================================
22:01:02.502 - INFO - Lock acquired. - acquire_lock
22:01:02.502 - INFO - Starting script - main
22:01:02.550 - INFO - Lock released. - release_lock
2024-11-10 22:01:02.552385 script finished
======================================
22:16:02.317 - INFO - Lock acquired. - acquire_lock
22:16:02.328 - INFO - Starting script - main
22:16:02.365 - INFO - Lock released. - release_lock
2024-11-10 22:16:02.376431 script finished
======================================
22:31:02.319 - INFO - Lock acquired. - acquire_lock
22:31:02.326 - INFO - Starting script - main
22:31:02.359 - INFO - Lock released. - release_lock
2024-11-10 22:31:02.376411 script finished
======================================
22:46:02.664 - INFO - Lock acquired. - acquire_lock
22:46:02.668 - INFO - Starting script - main
22:46:02.691 - INFO - Lock released. - release_lock
2024-11-10 22:46:02.704439 script finished
======================================
23:01:02.840 - INFO - Lock acquired. - acquire_lock
23:01:02.864 - INFO - Starting script - main
23:01:02.875 - INFO - Lock released. - release_lock
2024-11-10 23:01:02.892504 script finished
======================================
23:16:02.553 - INFO - Lock acquired. - acquire_lock
23:16:02.558 - INFO - Starting script - main
23:16:02.587 - INFO - Lock released. - release_lock
2024-11-10 23:16:02.596167 script finished
======================================
23:31:02.428 - INFO - Lock acquired. - acquire_lock
23:31:02.434 - INFO - Starting script - main
23:31:02.466 - INFO - Lock released. - release_lock
2024-11-10 23:31:02.476253 script finished
======================================
23:46:02.747 - INFO - Lock acquired. - acquire_lock
23:46:02.764 - INFO - Starting script - main
23:46:02.777 - INFO - Lock released. - release_lock
2024-11-10 23:46:02.796441 script finished
======================================
00:01:02.273 - INFO - Lock acquired. - acquire_lock
00:01:02.293 - INFO - Starting script - main
00:01:02.307 - INFO - Lock released. - release_lock
2024-11-11 00:01:02.332406 script finished
======================================
00:16:02.743 - INFO - Lock acquired. - acquire_lock
00:16:02.760 - INFO - Starting script - main
00:16:02.797 - INFO - Lock released. - release_lock
2024-11-11 00:16:02.804460 script finished
======================================
00:31:02.698 - INFO - Lock acquired. - acquire_lock
00:31:02.714 - INFO - Starting script - main
00:31:02.747 - INFO - Lock released. - release_lock
2024-11-11 00:31:02.754267 script finished
======================================
00:46:02.320 - INFO - Lock acquired. - acquire_lock
00:46:02.336 - INFO - Starting script - main
00:46:02.373 - INFO - Lock released. - release_lock
2024-11-11 00:46:02.380436 script finished
======================================
01:01:02.941 - INFO - Lock acquired. - acquire_lock
01:01:02.941 - INFO - Starting script - main
01:01:02.977 - INFO - Lock released. - release_lock
2024-11-11 01:01:02.979549 script finished
======================================
01:16:02.828 - INFO - Lock acquired. - acquire_lock
01:16:02.844 - INFO - Starting script - main
01:16:02.889 - INFO - Lock released. - release_lock
2024-11-11 01:16:02.889872 script finished
======================================
01:31:02.798 - INFO - Lock acquired. - acquire_lock
01:31:02.816 - INFO - Starting script - main
01:31:02.858 - INFO - Lock released. - release_lock
2024-11-11 01:31:02.872428 script finished
======================================
01:46:02.872 - INFO - Lock acquired. - acquire_lock
01:46:02.876 - INFO - Starting script - main
01:46:02.903 - INFO - Lock released. - release_lock
2024-11-11 01:46:02.912442 script finished
======================================
02:01:02.432 - INFO - Lock acquired. - acquire_lock
02:01:02.436 - INFO - Starting script - main
02:01:02.485 - INFO - Lock released. - release_lock
2024-11-11 02:01:02.485638 script finished
======================================
02:16:03.168 - INFO - Lock acquired. - acquire_lock
02:16:03.177 - INFO - Starting script - main
02:16:03.212 - INFO - Lock released. - release_lock
2024-11-11 02:16:03.228680 script finished
======================================
02:31:02.399 - INFO - Lock acquired. - acquire_lock
02:31:02.405 - INFO - Starting script - main
02:31:02.446 - INFO - Lock released. - release_lock
2024-11-11 02:31:02.446305 script finished
======================================
02:46:03.128 - INFO - Lock acquired. - acquire_lock
02:46:03.144 - INFO - Starting script - main
02:46:03.167 - INFO - Lock released. - release_lock
2024-11-11 02:46:03.167199 script finished
======================================
03:01:02.699 - INFO - Lock acquired. - acquire_lock
03:01:02.699 - INFO - Starting script - main
03:01:02.735 - INFO - Lock released. - release_lock
2024-11-11 03:01:02.735642 script finished
======================================
03:16:03.242 - INFO - Lock acquired. - acquire_lock
03:16:03.242 - INFO - Starting script - main
03:16:03.279 - INFO - Lock released. - release_lock
2024-11-11 03:16:03.279649 script finished
======================================
