{
  "metadata": {
    "symbol": "SDM",
    "channel": "match",
    "start_time": "12:59:30.0000",
    "release_time": "13:00:00.0000",
    "end_time": "13:20:00.0000",
    "total_messages": 3336,
    "final_snapshot": {
      "time": "13:19:58.6200",
      "symbol": "SDM-USDT",
      "price_high": "0.09523",
      "price_last": "0.069629",
      "price_low": "0.009",
      "price_avg": null,
      "volValue_USDT": "251512.163341"
    }
  },
  "data": [
    {
      "price": "0.009",
      "sequence": "5776133063849985",
      "side": "sell",
      "size": "100",
      "symbol": "SDM-USDT",
      "time": "1732798800000000000",
      "tradeId": "5776133063849985",
      "type": "match",
      "time_received": "13:00:00.0725"
    },
    {
      "makerOrderId": "67486562b6d508000763d077",
      "price": "0.05761",
      "sequence": "5776133099632641",
      "side": "buy",
      "size": "6900",
      "symbol": "SDM-USDT",
      "takerOrderId": "6748695014a89200075262f7",
      "time": "1732798800073000000",
      "tradeId": "5776133099632641",
      "type": "match",
      "time_received": "13:00:00.1246"
    },
    {
      "makerOrderId": "67485f922033a50007072bb8",
      "price": "0.058492",
      "sequence": "5776133099632644",
      "side": "buy",
      "size": "1200",
      "symbol": "SDM-USDT",
      "takerOrderId": "6748695014a89200075262f7",
      "time": "1732798800073000000",
      "tradeId": "5776133099632644",
      "type": "match",
      "time_received": "13:00:00.1247"
    },
    {
      "makerOrderId": "67486562b6d508000763d00b",
      "price": "0.05983",
      "sequence": "5776133099632647",
      "side": "buy",
      "size": "8600",
      "symbol": "SDM-USDT",
      "takerOrderId": "6748695014a89200075262f7",
      "time": "1732798800073000000",
      "tradeId": "5776133099632647",
      "type": "match",
      "time_received": "13:00:00.1247"
    },
    {
      "makerOrderId": "67485f922033a50007072c0e",
      "price": "0.060738",
      "sequence": "5776133099632650",
      "side": "buy",
      "size": "1400",
      "symbol": "SDM-USDT",
      "takerOrderId": "6748695014a89200075262f7",
      "time": "1732798800073000000",
      "tradeId": "5776133099632650",
      "type": "match",
      "time_received": "13:00:00.1248"
    },
    {
      "makerOrderId": "674865625e5d4c0007d69dbe",
      "price": "0.06204",
      "sequence": "5776133099632653",
      "side": "buy",
      "size": "10800",
      "symbol": "SDM-USDT",
      "takerOrderId": "6748695014a89200075262f7",
      "time": "1732798800073000000",
      "tradeId": "5776133099632653",
      "type": "match",
      "time_received": "13:00:00.1248"
    },
    {
      "makerOrderId": "67485f921adbea00073e6392",
      "price": "0.062985",
      "sequence": "5776133099632656",
      "side": "buy",
      "size": "1800",
      "symbol": "SDM-USDT",
      "takerOrderId": "6748695014a89200075262f7",
      "time": "1732798800073000000",
      "tradeId": "5776133099632656",
      "type": "match",
      "time_received": "13:00:00.1249"
    },
    {
      "makerOrderId": "67486562812d4000079d8198",
      "price": "0.06425",
      "sequence": "5776133100812289",
      "side": "buy",
      "size": "13500",
      "symbol": "SDM-USDT",
      "takerOrderId": "67486950b6d50800077b3eca",
      "time": "1732798800075000000",
      "tradeId": "5776133100812289",
      "type": "match",
      "time_received": "13:00:00.1249"
    },
    {
      "makerOrderId": "67485f92812d40000778bbd0",
      "price": "0.065231",
      "sequence": "5776133100812292",
      "side": "buy",
      "size": "2300",
      "symbol": "SDM-USDT",
      "takerOrderId": "67486950b6d50800077b3eca",
      "time": "1732798800075000000",
      "tradeId": "5776133100812292",
      "type": "match",
      "time_received": "13:00:00.1249"
    },
    {
      "makerOrderId": "67486562754b1e00076aaab3",
      "price": "0.06646",
      "sequence": "5776133100812295",
      "side": "buy",
      "size": "6422",
      "symbol": "SDM-USDT",
      "takerOrderId": "67486950b6d50800077b3eca",
      "time": "1732798800075000000",
      "tradeId": "5776133100812295",
      "type": "match",
      "time_received": "13:00:00.1250"
    },
    {
      "makerOrderId": "67486562754b1e00076aaab3",
      "price": "0.06646",
      "sequence": "5776133124667393",
      "side": "buy",
      "size": "100",
      "symbol": "SDM-USDT",
      "takerOrderId": "67486950dcdd7b0007e1a693",
      "time": "1732798800132000000",
      "tradeId": "5776133124667393",
      "type": "match",
      "time_received": "13:00:00.1787"
    },
    {
      "makerOrderId": "67486562754b1e00076aaab3",
      "price": "0.06646",
      "sequence": "5776133157173249",
      "side": "buy",
      "size": "100",
      "symbol": "SDM-USDT",
      "takerOrderId": "67486950ef434f00075f18f0",
      "time": "1732798800214000000",
      "tradeId": "5776133157173249",
      "type": "match",
      "time_received": "13:00:00.2641"
    },
    {
      "makerOrderId": "67486562754b1e00076aaab3",
      "price": "0.06646",
      "sequence": "5776133196363777",
      "side": "buy",
      "size": "1500",
      "symbol": "SDM-USDT",
      "takerOrderId": "67486950b38d120007459a1b",
      "time": "1732798800311000000",
      "tradeId": "5776133196363777",
      "type": "match",
      "time_received": "13:00:00.3633"
    },
    {
      "makerOrderId": "67486562754b1e00076aaab3",
      "price": "0.06646",
      "sequence": "5776133265307649",
      "side": "buy",
      "size": "4166",
      "symbol": "SDM-USDT",
      "takerOrderId": "67486950b6d50800077b4443",
      "time": "1732798800391000000",
      "tradeId": "5776133265307649",
      "type": "match",
      "time_received": "13:00:00.4451"
    },
    {
      "makerOrderId": "67486562754b1e00076aaab3",
      "price": "0.06646",
      "sequence": "5776133286803457",
      "side": "buy",
      "size": "2000",
      "symbol": "SDM-USDT",
      "takerOrderId": "6748695014a8920007526855",
      "time": "1732798800413000000",
      "tradeId": "5776133286803457",
      "type": "match",
      "time_received": "13:00:00.4640"
    },
    {
      "makerOrderId": "67486562754b1e00076aaab3",
      "price": "0.06646",
      "sequence": "5776133327042561",
      "side": "buy",
      "size": "1000",
      "symbol": "SDM-USDT",
      "takerOrderId": "67486950f61fa00007345c0c",
      "time": "1732798800452000000",
      "tradeId": "5776133327042561",
      "type": "match",
      "time_received": "13:00:00.4980"
    },
    {
      "makerOrderId": "67486562754b1e00076aaab3",
      "price": "0.06646",
      "sequence": "5776133380519937",
      "side": "buy",
      "size": "1000",
      "symbol": "SDM-USDT",
      "takerOrderId": "674869505e5d4c0007ee08d6",
      "time": "1732798800513000000",
      "tradeId": "5776133380519937",
      "type": "match",
      "time_received": "13:00:00.5611"
    },
    {
      "makerOrderId": "67486562754b1e00076aaab3",
      "price": "0.06646",
      "sequence": "5776133413812225",
      "side": "buy",
      "size": "100",
      "symbol": "SDM-USDT",
      "takerOrderId": "674869501adbea00077a933c",
      "time": "1732798800555000000",
      "tradeId": "5776133413812225",
      "type": "match",
      "time_received": "13:00:00.6046"
    },
    {
      "makerOrderId": "67486562754b1e00076aaab3",
      "price": "0.06646",
      "sequence": "5776133415516161",
      "side": "buy",
      "size": "100",
      "symbol": "SDM-USDT",
      "takerOrderId": "6748695033b8f300072be9a2",
      "time": "1732798800557000000",
      "tradeId": "5776133415516161",
      "type": "match",
      "time_received": "13:00:00.6046"
    },
    {
      "makerOrderId": "67486562754b1e00076aaab3",
      "price": "0.06646",
      "sequence": "5776133426132993",
      "side": "buy",
      "size": "100",
      "symbol": "SDM-USDT",
      "takerOrderId": "67486950439c100007a855c5",
      "time": "1732798800572000000",
      "tradeId": "5776133426132993",
      "type": "match",
      "time_received": "13:00:00.6280"
    },
    {
      "makerOrderId": "67486562754b1e00076aaab3",
      "price": "0.06646",
      "sequence": "5776133452871681",
      "side": "buy",
      "size": "100",
      "symbol": "SDM-USDT",
      "takerOrderId": "67486950754b1e000782253f",
      "time": "1732798800607000000",
      "tradeId": "5776133452871681",
      "type": "match",
      "time_received": "13:00:00.6584"
    },
    {
      "makerOrderId": "67486562754b1e00076aaab3",
      "price": "0.06646",
      "sequence": "5776133457197057",
      "side": "buy",
      "size": "100",
      "symbol": "SDM-USDT",
      "takerOrderId": "67486950b26bfb0007a648a0",
      "time": "1732798800613000000",
      "tradeId": "5776133457197057",
      "type": "match",
      "time_received": "13:00:00.6631"
    },
    {
      "makerOrderId": "67486950f61fa00007345d43",
      "price": "0.061001",
      "sequence": "5776133514999809",
      "side": "sell",
      "size": "100",
      "symbol": "SDM-USDT",
      "takerOrderId": "67486950ef434f00075f2433",
      "time": "1732798800680000000",
      "tradeId": "5776133514999809",
      "type": "match",
      "time_received": "13:00:00.7310"
    },
    {
      "makerOrderId": "67486562754b1e00076aaab3",
      "price": "0.06646",
      "sequence": "5776133545277441",
      "side": "buy",
      "size": "100",
      "symbol": "SDM-USDT",
      "takerOrderId": "67486950ef434f00075f24d4",
      "time": "1732798800712000000",
      "tradeId": "5776133545277441",
      "type": "match",
      "time_received": "13:00:00.7630"
    },
    {
      "makerOrderId": "67486562754b1e00076aaab3",
      "price": "0.06646",
      "sequence": "5776133581715457",
      "side": "buy",
      "size": "12",
      "symbol": "SDM-USDT",
      "takerOrderId": "674869509e4e4000078f3647",
      "time": "1732798800762000000",
      "tradeId": "5776133581715457",
      "type": "match",
      "time_received": "13:00:00.8134"
    },
    {
      "makerOrderId": "67485f9233b8f30007efabc2",
      "price": "0.067477",
      "sequence": "5776133581715460",
      "side": "buy",
      "size": "288",
      "symbol": "SDM-USDT",
      "takerOrderId": "674869509e4e4000078f3647",
      "time": "1732798800762000000",
      "tradeId": "5776133581715460",
      "type": "match",
      "time_received": "13:00:00.8136"
    },
    {
      "makerOrderId": "674869505a55500007d8a793",
      "price": "0.066461",
      "sequence": "5776133691160577",
      "side": "buy",
      "size": "100",
      "symbol": "SDM-USDT",
      "takerOrderId": "6748695014a89200075274db",
      "time": "1732798800919000000",
      "tradeId": "5776133691160577",
      "type": "match",
      "time_received": "13:00:00.9699"
    },
    {
      "makerOrderId": "67485f9233b8f30007efabc2",
      "price": "0.067477",
      "sequence": "5776133697976321",
      "side": "buy",
      "size": "100",
      "symbol": "SDM-USDT",
      "takerOrderId": "674869505e5d4c0007ee11d6",
      "time": "1732798800932000000",
      "tradeId": "5776133697976321",
      "type": "match",
      "time_received": "13:00:00.9812"
    },
    {
      "makerOrderId": "67485f9233b8f30007efabc2",
      "price": "0.067477",
      "sequence": "5776133725894657",
      "side": "buy",
      "size": "100",
      "symbol": "SDM-USDT",
      "takerOrderId": "67486950a69a4c0007214f3b",
      "time": "1732798800985000000",
      "tradeId": "5776133725894657",
      "type": "match",
      "time_received": "13:00:01.0388"
    },
    {
      "makerOrderId": "67486950f61fa00007345d43",
      "price": "0.061001",
      "sequence": "5776133728516097",
      "side": "sell",
      "size": "100",
      "symbol": "SDM-USDT",
      "takerOrderId": "67486950ef434f00075f29b4",
      "time": "1732798800991000000",
      "tradeId": "5776133728516097",
      "type": "match",
      "time_received": "13:00:01.0406"
    },
    {
      "makerOrderId": "67485f9233b8f30007efabc2",
      "price": "0.067477",
      "sequence": "5776133789857793",
      "side": "buy",
      "size": "100",
      "symbol": "SDM-USDT",
      "takerOrderId": "67486951725fc60007d1ca08",
      "time": "1732798801153000000",
      "tradeId": "5776133789857793",
      "type": "match",
      "time_received": "13:00:01.2032"
    },
    {
      "makerOrderId": "67485f9233b8f30007efabc2",
      "price": "0.067477",
      "sequence": "5776133793658881",
      "side": "buy",
      "size": "100",
      "symbol": "SDM-USDT",
      "takerOrderId": "6748695114a8920007527795",
      "time": "1732798801162000000",
      "tradeId": "5776133793658881",
      "type": "match",
      "time_received": "13:00:01.2124"
    },
    {
      "makerOrderId": "67485f9233b8f30007efabc2",
      "price": "0.067477",
      "sequence": "5776133795624961",
      "side": "buy",
      "size": "100",
      "symbol": "SDM-USDT",
      "takerOrderId": "674869511adbea00077a9d1a",
      "time": "1732798801164000000",
      "tradeId": "5776133795624961",
      "type": "match",
      "time_received": "13:00:01.2125"
    },
    {
      "makerOrderId": "67485f9233b8f30007efabc2",
      "price": "0.067477",
      "sequence": "5776133816072193",
      "side": "buy",
      "size": "100",
      "symbol": "SDM-USDT",
      "takerOrderId": "674869512033a500074365a9",
      "time": "1732798801222000000",
      "tradeId": "5776133816072193",
      "type": "match",
      "time_received": "13:00:01.2710"
    },
    {
      "makerOrderId": "67485f9233b8f30007efabc2",
      "price": "0.067477",
      "sequence": "5776133835601921",
      "side": "buy",
      "size": "100",
      "symbol": "SDM-USDT",
      "takerOrderId": "6748695114a892000752781e",
      "time": "1732798801253000000",
      "tradeId": "5776133835601921",
      "type": "match",
      "time_received": "13:00:01.3066"
    },
    {
      "makerOrderId": "67485f9233b8f30007efabc2",
      "price": "0.067477",
      "sequence": "5776133869811713",
      "side": "buy",
      "size": "100",
      "symbol": "SDM-USDT",
      "takerOrderId": "6748695114a89200075278bf",
      "time": "1732798801344000000",
      "tradeId": "5776133869811713",
      "type": "match",
      "time_received": "13:00:01.3897"
    },
    {
      "makerOrderId": "67485f9233b8f30007efabc2",
      "price": "0.067477",
      "sequence": "5776133870860289",
      "side": "buy",
      "size": "100",
      "symbol": "SDM-USDT",
      "takerOrderId": "67486951812d400007b4f72a",
      "time": "1732798801353000000",
      "tradeId": "5776133870860289",
      "type": "match",
      "time_received": "13:00:01.3981"
    },
    {
      "makerOrderId": "67486950f61fa00007345d43",
      "price": "0.061001",
      "sequence": "5776133873088513",
      "side": "sell",
      "size": "100",
      "symbol": "SDM-USDT",
      "takerOrderId": "67486951a69a4c00072151e6",
      "time": "1732798801361000000",
      "tradeId": "5776133873088513",
      "type": "match",
      "time_received": "13:00:01.4184"
    },
    {
      "makerOrderId": "67485f9233b8f30007efabc2",
      "price": "0.067477",
      "sequence": "5776133908871169",
      "side": "buy",
      "size": "100",
      "symbol": "SDM-USDT",
      "takerOrderId": "67486951b26bfb0007a65328",
      "time": "1732798801476000000",
      "tradeId": "5776133908871169",
      "type": "match",
      "time_received": "13:00:01.5240"
    },
    {
      "makerOrderId": "67485f9233b8f30007efabc2",
      "price": "0.067477",
      "sequence": "5776133922371587",
      "side": "buy",
      "size": "100",
      "symbol": "SDM-USDT",
      "takerOrderId": "674869519e4e4000078f3df0",
      "time": "1732798801508000000",
      "tradeId": "5776133922371587",
      "type": "match",
      "time_received": "13:00:01.5806"
    },
    {
      "makerOrderId": "67485f9233b8f30007efabc2",
      "price": "0.067477",
      "sequence": "5776133947013121",
      "side": "buy",
      "size": "100",
      "symbol": "SDM-USDT",
      "takerOrderId": "674869515a55500007d8ae9f",
      "time": "1732798801562000000",
      "tradeId": "5776133947013121",
      "type": "match",
      "time_received": "13:00:01.6248"
    },
    {
      "makerOrderId": "67485f9233b8f30007efabc2",
      "price": "0.067477",
      "sequence": "5776133979650049",
      "side": "buy",
      "size": "100",
      "symbol": "SDM-USDT",
      "takerOrderId": "67486951439c100007a862b9",
      "time": "1732798801665000000",
      "tradeId": "5776133979650049",
      "type": "match",
      "time_received": "13:00:01.7568"
    },
    {
      "makerOrderId": "67485f9233b8f30007efabc2",
      "price": "0.067477",
      "sequence": "5776133988956161",
      "side": "buy",
      "size": "100",
      "symbol": "SDM-USDT",
      "takerOrderId": "67486951439c100007a862da",
      "time": "1732798801689000000",
      "tradeId": "5776133988956161",
      "type": "match",
      "time_received": "13:00:01.8141"
    },
    {
      "makerOrderId": "67485f9233b8f30007efabc2",
      "price": "0.067477",
      "sequence": "5776133991053313",
      "side": "buy",
      "size": "100",
      "symbol": "SDM-USDT",
      "takerOrderId": "67486951f61fa00007346d77",
      "time": "1732798801696000000",
      "tradeId": "5776133991053313",
      "type": "match",
      "time_received": "13:00:01.8144"
    },
    {
      "makerOrderId": "67486950f61fa00007345d43",
      "price": "0.061001",
      "sequence": "5776133991839745",
      "side": "sell",
      "size": "100",
      "symbol": "SDM-USDT",
      "takerOrderId": "67486951dcdd7b0007e1bd0e",
      "time": "1732798801698000000",
      "tradeId": "5776133991839745",
      "type": "match",
      "time_received": "13:00:01.8144"
    },
    {
      "makerOrderId": "67485f9233b8f30007efabc2",
      "price": "0.067477",
      "sequence": "5776134021986305",
      "side": "buy",
      "size": "100",
      "symbol": "SDM-USDT",
      "takerOrderId": "67486951dcdd7b0007e1bd6f",
      "time": "1732798801784000000",
      "tradeId": "5776134021986305",
      "type": "match",
      "time_received": "13:00:01.8518"
    },
    {
      "makerOrderId": "67485f9233b8f30007efabc2",
      "price": "0.067477",
      "sequence": "5776134099449857",
      "side": "buy",
      "size": "100",
      "symbol": "SDM-USDT",
      "takerOrderId": "67486951e21c7400075c4d76",
      "time": "1732798801948000000",
      "tradeId": "5776134099449857",
      "type": "match",
      "time_received": "13:00:01.9939"
    },
    {
      "makerOrderId": "67485f9233b8f30007efabc2",
      "price": "0.067477",
      "sequence": "5776134101415937",
      "side": "buy",
      "size": "100",
      "symbol": "SDM-USDT",
      "takerOrderId": "674869519e4e4000078f4087",
      "time": "1732798801957000000",
      "tradeId": "5776134101415937",
      "type": "match",
      "time_received": "13:00:02.0152"
    },
    {
      "makerOrderId": "67485f9233b8f30007efabc2",
      "price": "0.067477",
      "sequence": "5776134110459905",
      "side": "buy",
      "size": "100",
      "symbol": "SDM-USDT",
      "takerOrderId": "67486951754b1e0007823322",
      "time": "1732798801991000000",
      "tradeId": "5776134110459905",
      "type": "match",
      "time_received": "13:00:02.0598"
    },
    {
      "makerOrderId": "67486950f61fa00007345d43",
      "price": "0.061001",
      "sequence": "5776134117537793",
      "side": "sell",
      "size": "100",
      "symbol": "SDM-USDT",
      "takerOrderId": "674869529e4e4000078f40c5",
      "time": "1732798802021000000",
      "tradeId": "5776134117537793",
      "type": "match",
      "time_received": "13:00:02.0838"
    },
    {
      "makerOrderId": "67485f9233b8f30007efabc2",
      "price": "0.067477",
      "sequence": "5776134126188545",
      "side": "buy",
      "size": "100",
      "symbol": "SDM-USDT",
      "takerOrderId": "67486952ef434f00075f307c",
      "time": "1732798802051000000",
      "tradeId": "5776134126188545",
      "type": "match",
      "time_received": "13:00:02.1475"
    },
    {
      "makerOrderId": "67485f9233b8f30007efabc2",
      "price": "0.067477",
      "sequence": "5776134183729155",
      "side": "buy",
      "size": "100",
      "symbol": "SDM-USDT",
      "takerOrderId": "674869525a55500007d8b256",
      "time": "1732798802240000000",
      "tradeId": "5776134183729155",
      "type": "match",
      "time_received": "13:00:02.3099"
    },
    {
      "makerOrderId": "67485f9233b8f30007efabc2",
      "price": "0.067477",
      "sequence": "5776134218463233",
      "side": "buy",
      "size": "100",
      "symbol": "SDM-USDT",
      "takerOrderId": "6748695233b8f300072bf9f1",
      "time": "1732798802341000000",
      "tradeId": "5776134218463233",
      "type": "match",
      "time_received": "13:00:02.4141"
    },
    {
      "makerOrderId": "67486950f61fa00007345d43",
      "price": "0.061001",
      "sequence": "5776134224230401",
      "side": "sell",
      "size": "100",
      "symbol": "SDM-USDT",
      "takerOrderId": "67486952439c100007a86676",
      "time": "1732798802362000000",
      "tradeId": "5776134224230401",
      "type": "match",
      "time_received": "13:00:02.4144"
    },
    {
      "makerOrderId": "67485f9233b8f30007efabc2",
      "price": "0.067477",
      "sequence": "5776134239959043",
      "side": "buy",
      "size": "100",
      "symbol": "SDM-USDT",
      "takerOrderId": "67486952812d400007b4fd1f",
      "time": "1732798802423000000",
      "tradeId": "5776134239959043",
      "type": "match",
      "time_received": "13:00:02.4896"
    },
    {
      "makerOrderId": "67486950f61fa00007345d43",
      "price": "0.061001",
      "sequence": "5776134328825857",
      "side": "sell",
      "size": "100",
      "symbol": "SDM-USDT",
      "takerOrderId": "674869521adbea00077aa55e",
      "time": "1732798802663000000",
      "tradeId": "5776134328825857",
      "type": "match",
      "time_received": "13:00:02.7383"
    },
    {
      "makerOrderId": "67486950f61fa00007345d43",
      "price": "0.061001",
      "sequence": "5776134587824133",
      "side": "sell",
      "size": "100",
      "symbol": "SDM-USDT",
      "takerOrderId": "6748695314a89200075283e3",
      "time": "1732798803430000000",
      "tradeId": "5776134587824133",
      "type": "match",
      "time_received": "13:00:03.4820"
    },
    {
      "makerOrderId": "67485f9233b8f30007efabc2",
      "price": "0.067477",
      "sequence": "5776134806190081",
      "side": "buy",
      "size": "212",
      "symbol": "SDM-USDT",
      "takerOrderId": "67486954754b1e0007823e90",
      "time": "1732798804142000000",
      "tradeId": "5776134806190081",
      "type": "match",
      "time_received": "13:00:04.1966"
    },
    {
      "makerOrderId": "67486954754b1e0007823e90",
      "price": "0.067477",
      "sequence": "5776134825326593",
      "side": "sell",
      "size": "10",
      "symbol": "SDM-USDT",
      "takerOrderId": "674869545e5d4c0007ee24b6",
      "time": "1732798804214000000",
      "tradeId": "5776134825326593",
      "type": "match",
      "time_received": "13:00:04.2716"
    },
    {
      "makerOrderId": "67486954ef434f00075f3be4",
      "price": "0.067477",
      "sequence": "5776134825326596",
      "side": "sell",
      "size": "90",
      "symbol": "SDM-USDT",
      "takerOrderId": "674869545e5d4c0007ee24b6",
      "time": "1732798804214000000",
      "tradeId": "5776134825326596",
      "type": "match",
      "time_received": "13:00:04.2717"
    },
    {
      "makerOrderId": "67486954ef434f00075f3be4",
      "price": "0.067477",
      "sequence": "5776134877362179",
      "side": "sell",
      "size": "14641",
      "symbol": "SDM-USDT",
      "takerOrderId": "67486954725fc60007d1db14",
      "time": "1732798804341000000",
      "tradeId": "5776134877362179",
      "type": "match",
      "time_received": "13:00:04.3910"
    },
    {
      "makerOrderId": "67486954754b1e0007823ef0",
      "price": "0.061317",
      "sequence": "5776134877362182",
      "side": "sell",
      "size": "336",
      "symbol": "SDM-USDT",
      "takerOrderId": "67486954725fc60007d1db14",
      "time": "1732798804341000000",
      "tradeId": "5776134877362182",
      "type": "match",
      "time_received": "13:00:04.3911"
    },
    {
      "makerOrderId": "67486950f61fa00007345d43",
      "price": "0.061001",
      "sequence": "5776134877362185",
      "side": "sell",
      "size": "204",
      "symbol": "SDM-USDT",
      "takerOrderId": "67486954725fc60007d1db14",
      "time": "1732798804341000000",
      "tradeId": "5776134877362185",
      "type": "match",
      "time_received": "13:00:04.3912"
    },
    {
      "makerOrderId": "67486950f61fa000073461c7",
      "price": "0.061001",
      "sequence": "5776134877362188",
      "side": "sell",
      "size": "700",
      "symbol": "SDM-USDT",
      "takerOrderId": "67486954725fc60007d1db14",
      "time": "1732798804341000000",
      "tradeId": "5776134877362188",
      "type": "match",
      "time_received": "13:00:04.3912"
    },
    {
      "makerOrderId": "67486950b6d50800077b4236",
      "price": "0.061",
      "sequence": "5776134877362191",
      "side": "sell",
      "size": "6341",
      "symbol": "SDM-USDT",
      "takerOrderId": "67486954725fc60007d1db14",
      "time": "1732798804341000000",
      "tradeId": "5776134877362191",
      "type": "match",
      "time_received": "13:00:04.3912"
    },
    {
      "makerOrderId": "674869545e5d4c0007ee2a69",
      "price": "0.060001",
      "sequence": "5776135413970945",
      "side": "sell",
      "size": "100",
      "symbol": "SDM-USDT",
      "takerOrderId": "67486955b26bfb0007a66ce5",
      "time": "1732798805504000000",
      "tradeId": "5776135413970945",
      "type": "match",
      "time_received": "13:00:05.5566"
    },
    {
      "makerOrderId": "674869545e5d4c0007ee2a69",
      "price": "0.060001",
      "sequence": "5776135485667329",
      "side": "sell",
      "size": "41",
      "symbol": "SDM-USDT",
      "takerOrderId": "67486955dcdd7b0007e1d67a",
      "time": "1732798805670000000",
      "tradeId": "5776135485667329",
      "type": "match",
      "time_received": "13:00:05.7266"
    },
    {
      "makerOrderId": "67486955754b1e0007824554",
      "price": "0.060001",
      "sequence": "5776135485667332",
      "side": "sell",
      "size": "290",
      "symbol": "SDM-USDT",
      "takerOrderId": "67486955dcdd7b0007e1d67a",
      "time": "1732798805670000000",
      "tradeId": "5776135485667332",
      "type": "match",
      "time_received": "13:00:05.7267"
    },
    {
      "makerOrderId": "67486950ef434f00075f18aa",
      "price": "0.06",
      "sequence": "5776135485667335",
      "side": "sell",
      "size": "5",
      "symbol": "SDM-USDT",
      "takerOrderId": "67486955dcdd7b0007e1d67a",
      "time": "1732798805670000000",
      "tradeId": "5776135485667335",
      "type": "match",
      "time_received": "13:00:05.7268"
    },
    {
      "makerOrderId": "6748695533b8f300072c10f6",
      "price": "0.067477",
      "sequence": "5776135688042497",
      "side": "sell",
      "size": "100",
      "symbol": "SDM-USDT",
      "takerOrderId": "674869569e4e4000078f5bb1",
      "time": "1732798806155000000",
      "tradeId": "5776135688042497",
      "type": "match",
      "time_received": "13:00:06.2030"
    },
    {
      "makerOrderId": "6748695533b8f300072c10f6",
      "price": "0.067477",
      "sequence": "5776135815182337",
      "side": "sell",
      "size": "100",
      "symbol": "SDM-USDT",
      "takerOrderId": "674869562033a500074386ed",
      "time": "1732798806498000000",
      "tradeId": "5776135815182337",
      "type": "match",
      "time_received": "13:00:06.5527"
    },
    {
      "makerOrderId": "6748695533b8f300072c10f6",
      "price": "0.067477",
      "sequence": "5776135901427713",
      "side": "sell",
      "size": "100",
      "symbol": "SDM-USDT",
      "takerOrderId": "67486956725fc60007d1eccf",
      "time": "1732798806797000000",
      "tradeId": "5776135901427713",
      "type": "match",
      "time_received": "13:00:06.8430"
    },
    {
      "makerOrderId": "6748695533b8f300072c10f6",
      "price": "0.067477",
      "sequence": "5776136052029441",
      "side": "sell",
      "size": "100",
      "symbol": "SDM-USDT",
      "takerOrderId": "674869572033a50007438b6b",
      "time": "1732798807106000000",
      "tradeId": "5776136052029441",
      "type": "match",
      "time_received": "13:00:07.1761"
    },
    {
      "makerOrderId": "6748695533b8f300072c10f6",
      "price": "0.067477",
      "sequence": "5776136171567105",
      "side": "sell",
      "size": "100",
      "symbol": "SDM-USDT",
      "takerOrderId": "67486957754b1e0007825619",
      "time": "1732798807398000000",
      "tradeId": "5776136171567105",
      "type": "match",
      "time_received": "13:00:07.4488"
    },
    {
      "makerOrderId": "67486563754b1e00076aabb6",
      "price": "0.06868",
      "sequence": "5776136276162561",
      "side": "buy",
      "size": "10724",
      "symbol": "SDM-USDT",
      "takerOrderId": "674869575a55500007d8d4d0",
      "time": "1732798807689000000",
      "tradeId": "5776136276162561",
      "type": "match",
      "time_received": "13:00:07.7428"
    },
    {
      "makerOrderId": "6748695533b8f300072c10f6",
      "price": "0.067477",
      "sequence": "5776136277735425",
      "side": "sell",
      "size": "100",
      "symbol": "SDM-USDT",
      "takerOrderId": "67486957725fc60007d1f2cd",
      "time": "1732798807691000000",
      "tradeId": "5776136277735425",
      "type": "match",
      "time_received": "13:00:07.7428"
    },
    {
      "makerOrderId": "6748695533b8f300072c10f6",
      "price": "0.067477",
      "sequence": "5776136282454017",
      "side": "sell",
      "size": "662",
      "symbol": "SDM-USDT",
      "takerOrderId": "6748695714a892000752a035",
      "time": "1732798807701000000",
      "tradeId": "5776136282454017",
      "type": "match",
      "time_received": "13:00:07.7460"
    },
    {
      "makerOrderId": "67486957b38d12000745d064",
      "price": "0.067477",
      "sequence": "5776136282454020",
      "side": "sell",
      "size": "548",
      "symbol": "SDM-USDT",
      "takerOrderId": "6748695714a892000752a035",
      "time": "1732798807701000000",
      "tradeId": "5776136282454020",
      "type": "match",
      "time_received": "13:00:07.7520"
    },
    {
      "makerOrderId": "674869575a55500007d8d324",
      "price": "0.067477",
      "sequence": "5776136282454023",
      "side": "sell",
      "size": "548",
      "symbol": "SDM-USDT",
      "takerOrderId": "6748695714a892000752a035",
      "time": "1732798807701000000",
      "tradeId": "5776136282454023",
      "type": "match",
      "time_received": "13:00:07.7521"
    },
    {
      "makerOrderId": "67486957439c100007a88814",
      "price": "0.067477",
      "sequence": "5776136282454026",
      "side": "sell",
      "size": "295",
      "symbol": "SDM-USDT",
      "takerOrderId": "6748695714a892000752a035",
      "time": "1732798807701000000",
      "tradeId": "5776136282454026",
      "type": "match",
      "time_received": "13:00:07.7521"
    },
    {
      "makerOrderId": "674869571adbea00077ac2ec",
      "price": "0.06646",
      "sequence": "5776136419424257",
      "side": "sell",
      "size": "100",
      "symbol": "SDM-USDT",
      "takerOrderId": "67486957ef434f00075f55e1",
      "time": "1732798807984000000",
      "tradeId": "5776136419424257",
      "type": "match",
      "time_received": "13:00:08.0369"
    },
    {
      "makerOrderId": "674869571adbea00077ac2ec",
      "price": "0.06646",
      "sequence": "5776136534112257",
      "side": "sell",
      "size": "100",
      "symbol": "SDM-USDT",
      "takerOrderId": "67486958439c100007a88cc1",
      "time": "1732798808273000000",
      "tradeId": "5776136534112257",
      "type": "match",
      "time_received": "13:00:08.3234"
    },
    {
      "makerOrderId": "674869585a55500007d8d846",
      "price": "0.067477",
      "sequence": "5776136651421697",
      "side": "sell",
      "size": "100",
      "symbol": "SDM-USDT",
      "takerOrderId": "67486958ef434f00075f596f",
      "time": "1732798808573000000",
      "tradeId": "5776136651421697",
      "type": "match",
      "time_received": "13:00:08.6203"
    },
    {
      "makerOrderId": "674869585a55500007d8d846",
      "price": "0.067477",
      "sequence": "5776136688777217",
      "side": "sell",
      "size": "1280",
      "symbol": "SDM-USDT",
      "takerOrderId": "67486958f61fa000073497b3",
      "time": "1732798808663000000",
      "tradeId": "5776136688777217",
      "type": "match",
      "time_received": "13:00:08.7139"
    },
    {
      "makerOrderId": "67486958e21c7400075c773b",
      "price": "0.067477",
      "sequence": "5776136688777220",
      "side": "sell",
      "size": "1196",
      "symbol": "SDM-USDT",
      "takerOrderId": "67486958f61fa000073497b3",
      "time": "1732798808663000000",
      "tradeId": "5776136688777220",
      "type": "match",
      "time_received": "13:00:08.7140"
    },
    {
      "makerOrderId": "67486958754b1e0007825d49",
      "price": "0.067773",
      "sequence": "5776136724166657",
      "side": "buy",
      "size": "3870",
      "symbol": "SDM-USDT",
      "takerOrderId": "674869585a55500007d8dacd",
      "time": "1732798808748000000",
      "tradeId": "5776136724166657",
      "type": "match",
      "time_received": "13:00:08.7990"
    },
    {
      "makerOrderId": "674869571adbea00077ac2ec",
      "price": "0.06646",
      "sequence": "5776136795207681",
      "side": "sell",
      "size": "100",
      "symbol": "SDM-USDT",
      "takerOrderId": "674869585a55500007d8db88",
      "time": "1732798808882000000",
      "tradeId": "5776136795207681",
      "type": "match",
      "time_received": "13:00:08.9319"
    },
    {
      "makerOrderId": "674869571adbea00077ac2ec",
      "price": "0.06646",
      "sequence": "5776136909109249",
      "side": "sell",
      "size": "100",
      "symbol": "SDM-USDT",
      "takerOrderId": "674869591adbea00077acda5",
      "time": "1732798809216000000",
      "tradeId": "5776136909109249",
      "type": "match",
      "time_received": "13:00:09.2673"
    },
    {
      "makerOrderId": "67486959b38d12000745df16",
      "price": "0.067477",
      "sequence": "5776137268639745",
      "side": "sell",
      "size": "100",
      "symbol": "SDM-USDT",
      "takerOrderId": "6748695a8b053b0007b4b094",
      "time": "1732798810052000000",
      "tradeId": "5776137268639745",
      "type": "match",
      "time_received": "13:00:10.1029"
    },
    {
      "makerOrderId": "67486959b38d12000745df16",
      "price": "0.067477",
      "sequence": "5776137312417793",
      "side": "sell",
      "size": "14936",
      "symbol": "SDM-USDT",
      "takerOrderId": "6748695a812d400007b52b3f",
      "time": "1732798810181000000",
      "tradeId": "5776137312417793",
      "type": "match",
      "time_received": "13:00:10.2311"
    },
    {
      "makerOrderId": "67486959b38d12000745df16",
      "price": "0.067477",
      "sequence": "5776137312548865",
      "side": "sell",
      "size": "14891",
      "symbol": "SDM-USDT",
      "takerOrderId": "6748695af61fa00007349f3d",
      "time": "1732798810181000000",
      "tradeId": "5776137312548865",
      "type": "match",
      "time_received": "13:00:10.2312"
    },
    {
      "makerOrderId": "67486959b38d12000745df16",
      "price": "0.067477",
      "sequence": "5776137402071041",
      "side": "sell",
      "size": "100",
      "symbol": "SDM-USDT",
      "takerOrderId": "6748695af61fa0000734a07e",
      "time": "1732798810358000000",
      "tradeId": "5776137402071041",
      "type": "match",
      "time_received": "13:00:10.4083"
    },
    {
      "makerOrderId": "67486959b38d12000745df16",
      "price": "0.067477",
      "sequence": "5776137598810113",
      "side": "sell",
      "size": "100",
      "symbol": "SDM-USDT",
      "takerOrderId": "6748695a2033a50007439f3d",
      "time": "1732798810741000000",
      "tradeId": "5776137598810113",
      "type": "match",
      "time_received": "13:00:10.7960"
    },
    {
      "makerOrderId": "6748695a1adbea00077ad73d",
      "price": "0.067726",
      "sequence": "5776137746790401",
      "side": "sell",
      "size": "100",
      "symbol": "SDM-USDT",
      "takerOrderId": "6748695b2033a5000743a160",
      "time": "1732798811038000000",
      "tradeId": "5776137746790401",
      "type": "match",
      "time_received": "13:00:11.0909"
    },
    {
      "makerOrderId": "67486563754b1e00076aabb6",
      "price": "0.06868",
      "sequence": "5776137871702017",
      "side": "buy",
      "size": "10376",
      "symbol": "SDM-USDT",
      "takerOrderId": "6748695b5a55500007d8e963",
      "time": "1732798811281000000",
      "tradeId": "5776137871702017",
      "type": "match",
      "time_received": "13:00:11.3379"
    },
    {
      "makerOrderId": "6748695a2033a50007439bdc",
      "price": "0.068681",
      "sequence": "5776137871702020",
      "side": "buy",
      "size": "1194",
      "symbol": "SDM-USDT",
      "takerOrderId": "6748695b5a55500007d8e963",
      "time": "1732798811281000000",
      "tradeId": "5776137871702020",
      "type": "match",
      "time_received": "13:00:11.3380"
    },
    {
      "makerOrderId": "6748695bdcdd7b0007e1f4ae",
      "price": "0.068681",
      "sequence": "5776137871702023",
      "side": "buy",
      "size": "841",
      "symbol": "SDM-USDT",
      "takerOrderId": "6748695b5a55500007d8e963",
      "time": "1732798811281000000",
      "tradeId": "5776137871702023",
      "type": "match",
      "time_received": "13:00:11.3380"
    },
    {
      "makerOrderId": "67486959b38d12000745df16",
      "price": "0.067477",
      "sequence": "5776137907353601",
      "side": "sell",
      "size": "100",
      "symbol": "SDM-USDT",
      "takerOrderId": "6748695b33b8f300072c31a2",
      "time": "1732798811352000000",
      "tradeId": "5776137907353601",
      "type": "match",
      "time_received": "13:00:11.4045"
    },
    {
      "makerOrderId": "6748695b8b053b0007b4b9e4",
      "price": "0.067561",
      "sequence": "5776138081810433",
      "side": "sell",
      "size": "100",
      "symbol": "SDM-USDT",
      "takerOrderId": "6748695bb26bfb0007a6925d",
      "time": "1732798811710000000",
      "tradeId": "5776138081810433",
      "type": "match",
      "time_received": "13:00:11.7619"
    },
    {
      "makerOrderId": "6748695b8b053b0007b4b9e4",
      "price": "0.067561",
      "sequence": "5776138216814593",
      "side": "sell",
      "size": "100",
      "symbol": "SDM-USDT",
      "takerOrderId": "6748695cef434f00075f6e9b",
      "time": "1732798812035000000",
      "tradeId": "5776138216814593",
      "type": "match",
      "time_received": "13:00:12.0856"
    },
    {
      "makerOrderId": "6748695cb38d12000745ef03",
      "price": "0.068591",
      "sequence": "5776138341595137",
      "side": "sell",
      "size": "100",
      "symbol": "SDM-USDT",
      "takerOrderId": "6748695ca69a4c0007219532",
      "time": "1732798812353000000",
      "tradeId": "5776138341595137",
      "type": "match",
      "time_received": "13:00:12.4003"
    },
    {
      "makerOrderId": "6748695cb38d12000745ef03",
      "price": "0.068591",
      "sequence": "5776138474633217",
      "side": "sell",
      "size": "100",
      "symbol": "SDM-USDT",
      "takerOrderId": "6748695c1adbea00077ae3f9",
      "time": "1732798812680000000",
      "tradeId": "5776138474633217",
      "type": "match",
      "time_received": "13:00:12.7260"
    },
    {
      "makerOrderId": "6748695cb38d12000745ef03",
      "price": "0.068591",
      "sequence": "5776138588010497",
      "side": "sell",
      "size": "100",
      "symbol": "SDM-USDT",
      "takerOrderId": "6748695cb26bfb0007a69a7a",
      "time": "1732798812991000000",
      "tradeId": "5776138588010497",
      "type": "match",
      "time_received": "13:00:13.0449"
    },
    {
      "makerOrderId": "6748695d5e5d4c0007ee5d80",
      "price": "0.0686",
      "sequence": "5776138629036033",
      "side": "sell",
      "size": "300",
      "symbol": "SDM-USDT",
      "takerOrderId": "6748695d754b1e0007827844",
      "time": "1732798813137000000",
      "tradeId": "5776138629036033",
      "type": "match",
      "time_received": "13:00:13.1825"
    },
    {
      "makerOrderId": "67485f938b053b0007783fc9",
      "price": "0.069723",
      "sequence": "5776139153848321",
      "side": "buy",
      "size": "2850",
      "symbol": "SDM-USDT",
      "takerOrderId": "6748695e812d400007b54928",
      "time": "1732798814085000000",
      "tradeId": "5776139153848321",
      "type": "match",
      "time_received": "13:00:14.1390"
    },
    {
      "makerOrderId": "67485f938b053b0007783fc9",
      "price": "0.069723",
      "sequence": "5776139315722243",
      "side": "buy",
      "size": "650",
      "symbol": "SDM-USDT",
      "takerOrderId": "6748695eb26bfb0007a6a6f0",
      "time": "1732798814460000000",
      "tradeId": "5776139315722243",
      "type": "match",
      "time_received": "13:00:14.5104"
    },
    {
      "makerOrderId": "6748695eb26bfb0007a6a6f0",
      "price": "0.070173",
      "sequence": "5776139329484801",
      "side": "sell",
      "size": "100",
      "symbol": "SDM-USDT",
      "takerOrderId": "6748695e5a55500007d901eb",
      "time": "1732798814497000000",
      "tradeId": "5776139329484801",
      "type": "match",
      "time_received": "13:00:14.5431"
    },
    {
      "makerOrderId": "6748695eb26bfb0007a6a6f0",
      "price": "0.070173",
      "sequence": "5776139341674497",
      "side": "sell",
      "size": "100",
      "symbol": "SDM-USDT",
      "takerOrderId": "6748695e439c100007a8b5fb",
      "time": "1732798814535000000",
      "tradeId": "5776139341674497",
      "type": "match",
      "time_received": "13:00:14.5874"
    },
    {
      "makerOrderId": "674865632033a500072be9bc",
      "price": "0.07089",
      "sequence": "5776139642877953",
      "side": "buy",
      "size": "139",
      "symbol": "SDM-USDT",
      "takerOrderId": "6748695f754b1e0007828988",
      "time": "1732798815333000000",
      "tradeId": "5776139642877953",
      "type": "match",
      "time_received": "13:00:15.3900"
    },
    {
      "makerOrderId": "674865632033a500072be9bc",
      "price": "0.07089",
      "sequence": "5776140204783617",
      "side": "buy",
      "size": "8194",
      "symbol": "SDM-USDT",
      "takerOrderId": "67486960dcdd7b0007e21d33",
      "time": "1732798816851000000",
      "tradeId": "5776140204783617",
      "type": "match",
      "time_received": "13:00:16.9015"
    },
    {
      "makerOrderId": "674865632033a500072be9bc",
      "price": "0.07089",
      "sequence": "5776140380157953",
      "side": "buy",
      "size": "7038",
      "symbol": "SDM-USDT",
      "takerOrderId": "67486961dcdd7b0007e21fa6",
      "time": "1732798817348000000",
      "tradeId": "5776140380157953",
      "type": "match",
      "time_received": "13:00:17.4012"
    },
    {
      "makerOrderId": "674865632033a500072be9bc",
      "price": "0.07089",
      "sequence": "5776140640466945",
      "side": "buy",
      "size": "11029",
      "symbol": "SDM-USDT",
      "takerOrderId": "6748696114a892000752e209",
      "time": "1732798817951000000",
      "tradeId": "5776140640466945",
      "type": "match",
      "time_received": "13:00:18.0033"
    },
    {
      "makerOrderId": "67485f93ef434f000722e8f2",
      "price": "0.071969",
      "sequence": "5776140640466948",
      "side": "buy",
      "size": "1643",
      "symbol": "SDM-USDT",
      "takerOrderId": "6748696114a892000752e209",
      "time": "1732798817951000000",
      "tradeId": "5776140640466948",
      "type": "match",
      "time_received": "13:00:18.0034"
    },
    {
      "makerOrderId": "67485f93ef434f000722e8f2",
      "price": "0.071969",
      "sequence": "5776140640598017",
      "side": "buy",
      "size": "2757",
      "symbol": "SDM-USDT",
      "takerOrderId": "674869615e5d4c0007ee7f42",
      "time": "1732798817951000000",
      "tradeId": "5776140640598017",
      "type": "match",
      "time_received": "13:00:18.0034"
    },
    {
      "makerOrderId": "674865638b053b00079d02c1",
      "price": "0.0731",
      "sequence": "5776140640598020",
      "side": "buy",
      "size": "9876",
      "symbol": "SDM-USDT",
      "takerOrderId": "674869615e5d4c0007ee7f42",
      "time": "1732798817951000000",
      "tradeId": "5776140640598020",
      "type": "match",
      "time_received": "13:00:18.0035"
    },
    {
      "makerOrderId": "67486962439c100007a8cc73",
      "price": "0.071969",
      "sequence": "5776141003274241",
      "side": "sell",
      "size": "4400",
      "symbol": "SDM-USDT",
      "takerOrderId": "67486962f61fa0000734d974",
      "time": "1732798818811000000",
      "tradeId": "5776141003274241",
      "type": "match",
      "time_received": "13:00:18.8597"
    },
    {
      "makerOrderId": "67486962725fc60007d238db",
      "price": "0.071209",
      "sequence": "5776141003274244",
      "side": "sell",
      "size": "967",
      "symbol": "SDM-USDT",
      "takerOrderId": "67486962f61fa0000734d974",
      "time": "1732798818811000000",
      "tradeId": "5776141003274244",
      "type": "match",
      "time_received": "13:00:18.8598"
    },
    {
      "makerOrderId": "674869629e4e4000078fa892",
      "price": "0.071208",
      "sequence": "5776141003274247",
      "side": "sell",
      "size": "974",
      "symbol": "SDM-USDT",
      "takerOrderId": "67486962f61fa0000734d974",
      "time": "1732798818811000000",
      "tradeId": "5776141003274247",
      "type": "match",
      "time_received": "13:00:18.8598"
    },
    {
      "makerOrderId": "674865638b053b00079d02c1",
      "price": "0.0731",
      "sequence": "5776141121107969",
      "side": "buy",
      "size": "174",
      "symbol": "SDM-USDT",
      "takerOrderId": "674869632033a5000743d7c9",
      "time": "1732798819082000000",
      "tradeId": "5776141121107969",
      "type": "match",
      "time_received": "13:00:19.1322"
    },
    {
      "makerOrderId": "674865638b053b00079d02c1",
      "price": "0.0731",
      "sequence": "5776141251393537",
      "side": "buy",
      "size": "2703",
      "symbol": "SDM-USDT",
      "takerOrderId": "674869635e5d4c0007ee8785",
      "time": "1732798819504000000",
      "tradeId": "5776141251393537",
      "type": "match",
      "time_received": "13:00:19.5554"
    },
    {
      "makerOrderId": "674865638b053b00079d02c1",
      "price": "0.0731",
      "sequence": "5776141262796801",
      "side": "buy",
      "size": "136",
      "symbol": "SDM-USDT",
      "takerOrderId": "67486963f61fa0000734dcd7",
      "time": "1732798819536000000",
      "tradeId": "5776141262796801",
      "type": "match",
      "time_received": "13:00:19.5882"
    },
    {
      "makerOrderId": "674865638b053b00079d02c1",
      "price": "0.0731",
      "sequence": "5776141292419073",
      "side": "buy",
      "size": "136",
      "symbol": "SDM-USDT",
      "takerOrderId": "674869635a55500007d92025",
      "time": "1732798819593000000",
      "tradeId": "5776141292419073",
      "type": "match",
      "time_received": "13:00:19.6429"
    },
    {
      "makerOrderId": "674865638b053b00079d02c1",
      "price": "0.0731",
      "sequence": "5776141383514113",
      "side": "buy",
      "size": "667",
      "symbol": "SDM-USDT",
      "takerOrderId": "6748696314a892000752ec63",
      "time": "1732798819856000000",
      "tradeId": "5776141383514113",
      "type": "match",
      "time_received": "13:00:19.9048"
    },
    {
      "makerOrderId": "674865638b053b00079d02c1",
      "price": "0.0731",
      "sequence": "5776141473953793",
      "side": "buy",
      "size": "133",
      "symbol": "SDM-USDT",
      "takerOrderId": "674869648b053b0007b4f297",
      "time": "1732798820061000000",
      "tradeId": "5776141473953793",
      "type": "match",
      "time_received": "13:00:20.1154"
    },
    {
      "makerOrderId": "674865638b053b00079d02c1",
      "price": "0.0731",
      "sequence": "5776141523236865",
      "side": "buy",
      "size": "2719",
      "symbol": "SDM-USDT",
      "takerOrderId": "67486964812d400007b56c87",
      "time": "1732798820191000000",
      "tradeId": "5776141523236865",
      "type": "match",
      "time_received": "13:00:20.2385"
    },
    {
      "makerOrderId": "674865638b053b00079d02c1",
      "price": "0.0731",
      "sequence": "5776141532542977",
      "side": "buy",
      "size": "136",
      "symbol": "SDM-USDT",
      "takerOrderId": "6748696414a892000752eea2",
      "time": "1732798820220000000",
      "tradeId": "5776141532542977",
      "type": "match",
      "time_received": "13:00:20.2728"
    },
    {
      "makerOrderId": "674865638b053b00079d02c1",
      "price": "0.0731",
      "sequence": "5776141594671105",
      "side": "buy",
      "size": "2719",
      "symbol": "SDM-USDT",
      "takerOrderId": "67486964dcdd7b0007e231ab",
      "time": "1732798820392000000",
      "tradeId": "5776141594671105",
      "type": "match",
      "time_received": "13:00:20.4388"
    },
    {
      "makerOrderId": "674865638b053b00079d02c1",
      "price": "0.0731",
      "sequence": "5776141674231809",
      "side": "buy",
      "size": "2719",
      "symbol": "SDM-USDT",
      "takerOrderId": "674869642033a5000743dfe3",
      "time": "1732798820596000000",
      "tradeId": "5776141674231809",
      "type": "match",
      "time_received": "13:00:20.6466"
    },
    {
      "makerOrderId": "674865638b053b00079d02c1",
      "price": "0.0731",
      "sequence": "5776141747501057",
      "side": "buy",
      "size": "2719",
      "symbol": "SDM-USDT",
      "takerOrderId": "674869649e4e4000078fb6a1",
      "time": "1732798820794000000",
      "tradeId": "5776141747501057",
      "type": "match",
      "time_received": "13:00:20.8392"
    },
    {
      "makerOrderId": "674865638b053b00079d02c1",
      "price": "0.0731",
      "sequence": "5776141762836481",
      "side": "buy",
      "size": "8163",
      "symbol": "SDM-USDT",
      "takerOrderId": "67486964dcdd7b0007e23452",
      "time": "1732798820823000000",
      "tradeId": "5776141762836481",
      "type": "match",
      "time_received": "13:00:20.8736"
    },
    {
      "makerOrderId": "674869628b053b0007b4ece5",
      "price": "0.073101",
      "sequence": "5776141762836484",
      "side": "buy",
      "size": "967",
      "symbol": "SDM-USDT",
      "takerOrderId": "67486964dcdd7b0007e23452",
      "time": "1732798820823000000",
      "tradeId": "5776141762836484",
      "type": "match",
      "time_received": "13:00:20.8736"
    },
    {
      "makerOrderId": "67485f93b38d120007096e42",
      "price": "0.074215",
      "sequence": "5776141762836487",
      "side": "buy",
      "size": "5500",
      "symbol": "SDM-USDT",
      "takerOrderId": "67486964dcdd7b0007e23452",
      "time": "1732798820823000000",
      "tradeId": "5776141762836487",
      "type": "match",
      "time_received": "13:00:20.8737"
    },
    {
      "makerOrderId": "6748695433b8f300072c0a02",
      "price": "0.074225",
      "sequence": "5776141762836490",
      "side": "buy",
      "size": "222",
      "symbol": "SDM-USDT",
      "takerOrderId": "67486964dcdd7b0007e23452",
      "time": "1732798820823000000",
      "tradeId": "5776141762836490",
      "type": "match",
      "time_received": "13:00:20.8737"
    },
    {
      "makerOrderId": "674865635e5d4c0007d69f0b",
      "price": "0.07531",
      "sequence": "5776141762836493",
      "side": "buy",
      "size": "26812",
      "symbol": "SDM-USDT",
      "takerOrderId": "67486964dcdd7b0007e23452",
      "time": "1732798820823000000",
      "tradeId": "5776141762836493",
      "type": "match",
      "time_received": "13:00:20.8737"
    },
    {
      "makerOrderId": "674865635e5d4c0007d69f0b",
      "price": "0.07531",
      "sequence": "5776142213986305",
      "side": "buy",
      "size": "1326",
      "symbol": "SDM-USDT",
      "takerOrderId": "674869651adbea00077b1f1c",
      "time": "1732798821935000000",
      "tradeId": "5776142213986305",
      "type": "match",
      "time_received": "13:00:21.9827"
    },
    {
      "makerOrderId": "674865635e5d4c0007d69f0b",
      "price": "0.07531",
      "sequence": "5776142222899201",
      "side": "buy",
      "size": "5194",
      "symbol": "SDM-USDT",
      "takerOrderId": "674869658b053b0007b4fde6",
      "time": "1732798821960000000",
      "tradeId": "5776142222899201",
      "type": "match",
      "time_received": "13:00:22.0073"
    },
    {
      "makerOrderId": "674865635e5d4c0007d69f0b",
      "price": "0.07531",
      "sequence": "5776142254094337",
      "side": "buy",
      "size": "611",
      "symbol": "SDM-USDT",
      "takerOrderId": "674869665a55500007d92e58",
      "time": "1732798822042000000",
      "tradeId": "5776142254094337",
      "type": "match",
      "time_received": "13:00:22.0900"
    },
    {
      "makerOrderId": "674865635e5d4c0007d69f0b",
      "price": "0.07531",
      "sequence": "5776142267070465",
      "side": "buy",
      "size": "661",
      "symbol": "SDM-USDT",
      "takerOrderId": "6748696633b8f300072c7605",
      "time": "1732798822075000000",
      "tradeId": "5776142267070465",
      "type": "match",
      "time_received": "13:00:22.1294"
    },
    {
      "makerOrderId": "674865635e5d4c0007d69f0b",
      "price": "0.07531",
      "sequence": "5776142400239617",
      "side": "buy",
      "size": "661",
      "symbol": "SDM-USDT",
      "takerOrderId": "674869665a55500007d93055",
      "time": "1732798822348000000",
      "tradeId": "5776142400239617",
      "type": "match",
      "time_received": "13:00:22.3989"
    },
    {
      "makerOrderId": "674865635e5d4c0007d69f0b",
      "price": "0.07531",
      "sequence": "5776142453061633",
      "side": "buy",
      "size": "1307",
      "symbol": "SDM-USDT",
      "takerOrderId": "674869661adbea00077b22d4",
      "time": "1732798822437000000",
      "tradeId": "5776142453061633",
      "type": "match",
      "time_received": "13:00:22.4892"
    },
    {
      "makerOrderId": "674865635e5d4c0007d69f0b",
      "price": "0.07531",
      "sequence": "5776142562113537",
      "side": "buy",
      "size": "1307",
      "symbol": "SDM-USDT",
      "takerOrderId": "674869665a55500007d9332b",
      "time": "1732798822697000000",
      "tradeId": "5776142562113537",
      "type": "match",
      "time_received": "13:00:22.7471"
    },
    {
      "makerOrderId": "674865635e5d4c0007d69f0b",
      "price": "0.07531",
      "sequence": "5776142588065793",
      "side": "buy",
      "size": "1307",
      "symbol": "SDM-USDT",
      "takerOrderId": "67486966ef434f00075fb36b",
      "time": "1732798822766000000",
      "tradeId": "5776142588065793",
      "type": "match",
      "time_received": "13:00:22.8141"
    },
    {
      "makerOrderId": "674865635e5d4c0007d69f0b",
      "price": "0.07531",
      "sequence": "5776142619916289",
      "side": "buy",
      "size": "2014",
      "symbol": "SDM-USDT",
      "takerOrderId": "67486966754b1e000782b6a0",
      "time": "1732798822837000000",
      "tradeId": "5776142619916289",
      "type": "match",
      "time_received": "13:00:22.8867"
    },
    {
      "makerOrderId": "67485f93ef434f000722e914",
      "price": "0.076462",
      "sequence": "5776142619916292",
      "side": "buy",
      "size": "576",
      "symbol": "SDM-USDT",
      "takerOrderId": "67486966754b1e000782b6a0",
      "time": "1732798822837000000",
      "tradeId": "5776142619916292",
      "type": "match",
      "time_received": "13:00:22.8868"
    },
    {
      "makerOrderId": "67485f93ef434f000722e914",
      "price": "0.076462",
      "sequence": "5776142621358081",
      "side": "buy",
      "size": "1305",
      "symbol": "SDM-USDT",
      "takerOrderId": "67486966f61fa0000734f16e",
      "time": "1732798822839000000",
      "tradeId": "5776142621358081",
      "type": "match",
      "time_received": "13:00:22.8868"
    },
    {
      "makerOrderId": "67485f93ef434f000722e914",
      "price": "0.076462",
      "sequence": "5776142689777665",
      "side": "buy",
      "size": "1307",
      "symbol": "SDM-USDT",
      "takerOrderId": "67486966439c100007a8e913",
      "time": "1732798822974000000",
      "tradeId": "5776142689777665",
      "type": "match",
      "time_received": "13:00:23.0259"
    },
    {
      "makerOrderId": "67485f93ef434f000722e914",
      "price": "0.076462",
      "sequence": "5776142709176321",
      "side": "buy",
      "size": "1307",
      "symbol": "SDM-USDT",
      "takerOrderId": "674869672033a5000743ef3a",
      "time": "1732798823040000000",
      "tradeId": "5776142709176321",
      "type": "match",
      "time_received": "13:00:23.0903"
    },
    {
      "makerOrderId": "67485f93ef434f000722e914",
      "price": "0.076462",
      "sequence": "5776142942222337",
      "side": "buy",
      "size": "128",
      "symbol": "SDM-USDT",
      "takerOrderId": "67486967754b1e000782bae2",
      "time": "1732798823759000000",
      "tradeId": "5776142942222337",
      "type": "match",
      "time_received": "13:00:23.8147"
    },
    {
      "makerOrderId": "67485f93ef434f000722e914",
      "price": "0.076462",
      "sequence": "5776142944450561",
      "side": "buy",
      "size": "652",
      "symbol": "SDM-USDT",
      "takerOrderId": "674869675a55500007d93818",
      "time": "1732798823764000000",
      "tradeId": "5776142944450561",
      "type": "match",
      "time_received": "13:00:23.8148"
    },
    {
      "makerOrderId": "67485f93ef434f000722e914",
      "price": "0.076462",
      "sequence": "5776143104489473",
      "side": "buy",
      "size": "651",
      "symbol": "SDM-USDT",
      "takerOrderId": "67486968725fc60007d257ad",
      "time": "1732798824223000000",
      "tradeId": "5776143104489473",
      "type": "match",
      "time_received": "13:00:24.2743"
    },
    {
      "makerOrderId": "67485f93ef434f000722e914",
      "price": "0.076462",
      "sequence": "5776143181690881",
      "side": "buy",
      "size": "974",
      "symbol": "SDM-USDT",
      "takerOrderId": "67486968754b1e000782bd95",
      "time": "1732798824459000000",
      "tradeId": "5776143181690881",
      "type": "match",
      "time_received": "13:00:24.5050"
    },
    {
      "makerOrderId": "67486563b26bfb00078ed4d7",
      "price": "0.07753",
      "sequence": "5776143638083585",
      "side": "buy",
      "size": "6430",
      "symbol": "SDM-USDT",
      "takerOrderId": "67486969a69a4c000721e777",
      "time": "1732798825497000000",
      "tradeId": "5776143638083585",
      "type": "match",
      "time_received": "13:00:25.5471"
    },
    {
      "makerOrderId": "67486563b26bfb00078ed4d7",
      "price": "0.07753",
      "sequence": "5776143912024065",
      "side": "buy",
      "size": "1030",
      "symbol": "SDM-USDT",
      "takerOrderId": "6748696a2033a500074400bb",
      "time": "1732798826129000000",
      "tradeId": "5776143912024065",
      "type": "match",
      "time_received": "13:00:26.1818"
    },
    {
      "makerOrderId": "67486563b26bfb00078ed4d7",
      "price": "0.07753",
      "sequence": "5776144044275713",
      "side": "buy",
      "size": "808",
      "symbol": "SDM-USDT",
      "takerOrderId": "6748696aef434f00075fc84a",
      "time": "1732798826581000000",
      "tradeId": "5776144044275713",
      "type": "match",
      "time_received": "13:00:26.6321"
    },
    {
      "makerOrderId": "67486968f61fa0000734f913",
      "price": "0.07663",
      "sequence": "5776144091854849",
      "side": "sell",
      "size": "652",
      "symbol": "SDM-USDT",
      "takerOrderId": "6748696ab6d50800077bf081",
      "time": "1732798826701000000",
      "tradeId": "5776144091854849",
      "type": "match",
      "time_received": "13:00:26.7512"
    },
    {
      "makerOrderId": "67486968754b1e000782bf46",
      "price": "0.07663",
      "sequence": "5776144091854852",
      "side": "sell",
      "size": "652",
      "symbol": "SDM-USDT",
      "takerOrderId": "6748696ab6d50800077bf081",
      "time": "1732798826701000000",
      "tradeId": "5776144091854852",
      "type": "match",
      "time_received": "13:00:26.7513"
    },
    {
      "makerOrderId": "674869688b053b0007b50dc0",
      "price": "0.07663",
      "sequence": "5776144091854855",
      "side": "sell",
      "size": "1",
      "symbol": "SDM-USDT",
      "takerOrderId": "6748696ab6d50800077bf081",
      "time": "1732798826701000000",
      "tradeId": "5776144091854855",
      "type": "match",
      "time_received": "13:00:26.7513"
    },
    {
      "makerOrderId": "6748696ab38d120007464739",
      "price": "0.076999",
      "sequence": "5776144188979201",
      "side": "buy",
      "size": "6443",
      "symbol": "SDM-USDT",
      "takerOrderId": "6748696a2033a500074404e9",
      "time": "1732798826912000000",
      "tradeId": "5776144188979201",
      "type": "match",
      "time_received": "13:00:26.9584"
    },
    {
      "makerOrderId": "6748696ab38d120007464739",
      "price": "0.076999",
      "sequence": "5776144198416385",
      "side": "buy",
      "size": "631",
      "symbol": "SDM-USDT",
      "takerOrderId": "6748696a5e5d4c0007eeb2f0",
      "time": "1732798826938000000",
      "tradeId": "5776144198416385",
      "type": "match",
      "time_received": "13:00:26.9880"
    },
    {
      "makerOrderId": "6748696ab38d120007464739",
      "price": "0.076999",
      "sequence": "5776144227776513",
      "side": "buy",
      "size": "128",
      "symbol": "SDM-USDT",
      "takerOrderId": "6748696b8b053b0007b51b03",
      "time": "1732798827025000000",
      "tradeId": "5776144227776513",
      "type": "match",
      "time_received": "13:00:27.0786"
    },
    {
      "makerOrderId": "6748696ab38d120007464739",
      "price": "0.076999",
      "sequence": "5776144242980865",
      "side": "buy",
      "size": "128",
      "symbol": "SDM-USDT",
      "takerOrderId": "6748696bdcdd7b0007e258bc",
      "time": "1732798827081000000",
      "tradeId": "5776144242980865",
      "type": "match",
      "time_received": "13:00:27.1300"
    },
    {
      "makerOrderId": "6748696ab38d120007464739",
      "price": "0.076999",
      "sequence": "5776144257398785",
      "side": "buy",
      "size": "692",
      "symbol": "SDM-USDT",
      "takerOrderId": "6748696be21c7400075ce7d4",
      "time": "1732798827124000000",
      "tradeId": "5776144257398785",
      "type": "match",
      "time_received": "13:00:27.1745"
    },
    {
      "makerOrderId": "6748696ab38d120007464739",
      "price": "0.076999",
      "sequence": "5776144285054977",
      "side": "buy",
      "size": "128",
      "symbol": "SDM-USDT",
      "takerOrderId": "6748696b439c100007a900d3",
      "time": "1732798827210000000",
      "tradeId": "5776144285054977",
      "type": "match",
      "time_received": "13:00:27.2599"
    },
    {
      "makerOrderId": "67486968f61fa0000734f661",
      "price": "0.076432",
      "sequence": "5776144292919297",
      "side": "sell",
      "size": "130",
      "symbol": "SDM-USDT",
      "takerOrderId": "6748696b754b1e000782ce9a",
      "time": "1732798827234000000",
      "tradeId": "5776144292919297",
      "type": "match",
      "time_received": "13:00:27.2837"
    },
    {
      "makerOrderId": "67486968e21c7400075cd64b",
      "price": "0.076432",
      "sequence": "5776144292919300",
      "side": "sell",
      "size": "130",
      "symbol": "SDM-USDT",
      "takerOrderId": "6748696b754b1e000782ce9a",
      "time": "1732798827234000000",
      "tradeId": "5776144292919300",
      "type": "match",
      "time_received": "13:00:27.2838"
    },
    {
      "makerOrderId": "67486968f61fa0000734f7b5",
      "price": "0.076432",
      "sequence": "5776144292919303",
      "side": "sell",
      "size": "130",
      "symbol": "SDM-USDT",
      "takerOrderId": "6748696b754b1e000782ce9a",
      "time": "1732798827234000000",
      "tradeId": "5776144292919303",
      "type": "match",
      "time_received": "13:00:27.2838"
    },
    {
      "makerOrderId": "6748696b754b1e000782ce9a",
      "price": "0.07605",
      "sequence": "5776144313628673",
      "side": "buy",
      "size": "936",
      "symbol": "SDM-USDT",
      "takerOrderId": "6748696b439c100007a9013c",
      "time": "1732798827299000000",
      "tradeId": "5776144313628673",
      "type": "match",
      "time_received": "13:00:27.3526"
    },
    {
      "makerOrderId": "6748696ab38d120007464739",
      "price": "0.076999",
      "sequence": "5776144332634113",
      "side": "buy",
      "size": "44",
      "symbol": "SDM-USDT",
      "takerOrderId": "6748696b5a55500007d94cb4",
      "time": "1732798827354000000",
      "tradeId": "5776144332634113",
      "type": "match",
      "time_received": "13:00:27.4019"
    },
    {
      "makerOrderId": "6748696b14a892000753169a",
      "price": "0.077154",
      "sequence": "5776144332634116",
      "side": "buy",
      "size": "83",
      "symbol": "SDM-USDT",
      "takerOrderId": "6748696b5a55500007d94cb4",
      "time": "1732798827354000000",
      "tradeId": "5776144332634116",
      "type": "match",
      "time_received": "13:00:27.4020"
    },
    {
      "makerOrderId": "6748696b14a892000753169a",
      "price": "0.077154",
      "sequence": "5776144411146241",
      "side": "buy",
      "size": "127",
      "symbol": "SDM-USDT",
      "takerOrderId": "6748696b9e4e4000078fdd73",
      "time": "1732798827570000000",
      "tradeId": "5776144411146241",
      "type": "match",
      "time_received": "13:00:27.6213"
    },
    {
      "makerOrderId": "6748696b14a892000753169a",
      "price": "0.077154",
      "sequence": "5776144462133249",
      "side": "buy",
      "size": "2493",
      "symbol": "SDM-USDT",
      "takerOrderId": "6748696b2033a50007440889",
      "time": "1732798827698000000",
      "tradeId": "5776144462133249",
      "type": "match",
      "time_received": "13:00:27.7454"
    },
    {
      "makerOrderId": "67486563b26bfb00078ed4d7",
      "price": "0.07753",
      "sequence": "5776144789157889",
      "side": "buy",
      "size": "2689",
      "symbol": "SDM-USDT",
      "takerOrderId": "6748696c2033a50007440e00",
      "time": "1732798828438000000",
      "tradeId": "5776144789157889",
      "type": "match",
      "time_received": "13:00:28.4867"
    },
    {
      "makerOrderId": "6748696b2033a50007440889",
      "price": "0.07752",
      "sequence": "5776144792565761",
      "side": "sell",
      "size": "3870",
      "symbol": "SDM-USDT",
      "takerOrderId": "6748696c812d400007b59cc2",
      "time": "1732798828443000000",
      "tradeId": "5776144792565761",
      "type": "match",
      "time_received": "13:00:28.4911"
    },
    {
      "makerOrderId": "67486563b26bfb00078ed4d7",
      "price": "0.07753",
      "sequence": "5776144822319105",
      "side": "buy",
      "size": "620",
      "symbol": "SDM-USDT",
      "takerOrderId": "6748696c33b8f300072c9c14",
      "time": "1732798828522000000",
      "tradeId": "5776144822319105",
      "type": "match",
      "time_received": "13:00:28.5682"
    },
    {
      "makerOrderId": "67486563b26bfb00078ed4d7",
      "price": "0.07753",
      "sequence": "5776144880777217",
      "side": "buy",
      "size": "626",
      "symbol": "SDM-USDT",
      "takerOrderId": "6748696ce21c7400075cf16c",
      "time": "1732798828696000000",
      "tradeId": "5776144880777217",
      "type": "match",
      "time_received": "13:00:28.7453"
    },
    {
      "makerOrderId": "67486563b26bfb00078ed4d7",
      "price": "0.07753",
      "sequence": "5776144921278465",
      "side": "buy",
      "size": "626",
      "symbol": "SDM-USDT",
      "takerOrderId": "6748696c439c100007a90adb",
      "time": "1732798828838000000",
      "tradeId": "5776144921278465",
      "type": "match",
      "time_received": "13:00:28.8904"
    },
    {
      "makerOrderId": "67486563b26bfb00078ed4d7",
      "price": "0.07753",
      "sequence": "5776144978688001",
      "side": "buy",
      "size": "280",
      "symbol": "SDM-USDT",
      "takerOrderId": "6748696c5a55500007d9566c",
      "time": "1732798828941000000",
      "tradeId": "5776144978688001",
      "type": "match",
      "time_received": "13:00:28.9900"
    },
    {
      "makerOrderId": "67486563b26bfb00078ed4d7",
      "price": "0.07753",
      "sequence": "5776144982358017",
      "side": "buy",
      "size": "642",
      "symbol": "SDM-USDT",
      "takerOrderId": "6748696c9e4e4000078fe5fe",
      "time": "1732798828959000000",
      "tradeId": "5776144982358017",
      "type": "match",
      "time_received": "13:00:29.0119"
    },
    {
      "makerOrderId": "67486563b26bfb00078ed4d7",
      "price": "0.07753",
      "sequence": "5776144983275521",
      "side": "buy",
      "size": "626",
      "symbol": "SDM-USDT",
      "takerOrderId": "6748696c2033a500074410b4",
      "time": "1732798828965000000",
      "tradeId": "5776144983275521",
      "type": "match",
      "time_received": "13:00:29.0206"
    },
    {
      "makerOrderId": "67486563b26bfb00078ed4d7",
      "price": "0.07753",
      "sequence": "5776145031641089",
      "side": "buy",
      "size": "626",
      "symbol": "SDM-USDT",
      "takerOrderId": "6748696d9e4e4000078fe6e3",
      "time": "1732798829117000000",
      "tradeId": "5776145031641089",
      "type": "match",
      "time_received": "13:00:29.1667"
    },
    {
      "makerOrderId": "67486563b26bfb00078ed4d7",
      "price": "0.07753",
      "sequence": "5776145084069889",
      "side": "buy",
      "size": "626",
      "symbol": "SDM-USDT",
      "takerOrderId": "6748696d2033a50007441264",
      "time": "1732798829254000000",
      "tradeId": "5776145084069889",
      "type": "match",
      "time_received": "13:00:29.3037"
    },
    {
      "makerOrderId": "67486563b26bfb00078ed4d7",
      "price": "0.07753",
      "sequence": "5776145087870977",
      "side": "buy",
      "size": "9615",
      "symbol": "SDM-USDT",
      "takerOrderId": "6748696df61fa000073514ae",
      "time": "1732798829259000000",
      "tradeId": "5776145087870977",
      "type": "match",
      "time_received": "13:00:29.3099"
    },
    {
      "makerOrderId": "67486563b26bfb00078ed4d7",
      "price": "0.07753",
      "sequence": "5776145122867201",
      "side": "buy",
      "size": "2553",
      "symbol": "SDM-USDT",
      "takerOrderId": "6748696da69a4c000721fd75",
      "time": "1732798829356000000",
      "tradeId": "5776145122867201",
      "type": "match",
      "time_received": "13:00:29.4020"
    },
    {
      "makerOrderId": "67486563b26bfb00078ed4d7",
      "price": "0.07753",
      "sequence": "5776145217107969",
      "side": "buy",
      "size": "6433",
      "symbol": "SDM-USDT",
      "takerOrderId": "6748696db26bfb0007a6ff01",
      "time": "1732798829652000000",
      "tradeId": "5776145217107969",
      "type": "match",
      "time_received": "13:00:29.7019"
    },
    {
      "makerOrderId": "6748696d812d400007b5a467",
      "price": "0.07668",
      "sequence": "5776145385011201",
      "side": "buy",
      "size": "139",
      "symbol": "SDM-USDT",
      "takerOrderId": "6748696ef61fa000073518ef",
      "time": "1732798830068000000",
      "tradeId": "5776145385011201",
      "type": "match",
      "time_received": "13:00:30.1244"
    },
    {
      "makerOrderId": "67486563b26bfb00078ed4d7",
      "price": "0.07753",
      "sequence": "5776145385011204",
      "side": "buy",
      "size": "1126",
      "symbol": "SDM-USDT",
      "takerOrderId": "6748696ef61fa000073518ef",
      "time": "1732798830068000000",
      "tradeId": "5776145385011204",
      "type": "match",
      "time_received": "13:00:30.1245"
    },
    {
      "makerOrderId": "67486563b26bfb00078ed4d7",
      "price": "0.07753",
      "sequence": "5776145428396033",
      "side": "buy",
      "size": "1282",
      "symbol": "SDM-USDT",
      "takerOrderId": "6748696e33b8f300072ca4cc",
      "time": "1732798830206000000",
      "tradeId": "5776145428396033",
      "type": "match",
      "time_received": "13:00:30.2572"
    },
    {
      "makerOrderId": "67486563b26bfb00078ed4d7",
      "price": "0.07753",
      "sequence": "5776145460377601",
      "side": "buy",
      "size": "2575",
      "symbol": "SDM-USDT",
      "takerOrderId": "6748696e33b8f300072ca570",
      "time": "1732798830302000000",
      "tradeId": "5776145460377601",
      "type": "match",
      "time_received": "13:00:30.3535"
    },
    {
      "makerOrderId": "67486563b26bfb00078ed4d7",
      "price": "0.07753",
      "sequence": "5776145542166529",
      "side": "buy",
      "size": "2565",
      "symbol": "SDM-USDT",
      "takerOrderId": "6748696e1adbea00077b5022",
      "time": "1732798830549000000",
      "tradeId": "5776145542166529",
      "type": "match",
      "time_received": "13:00:30.6028"
    },
    {
      "makerOrderId": "67486563b26bfb00078ed4d7",
      "price": "0.07753",
      "sequence": "5776145573230593",
      "side": "buy",
      "size": "4507",
      "symbol": "SDM-USDT",
      "takerOrderId": "6748696ee21c7400075cfb53",
      "time": "1732798830652000000",
      "tradeId": "5776145573230593",
      "type": "match",
      "time_received": "13:00:30.7013"
    },
    {
      "makerOrderId": "67486563b26bfb00078ed4d7",
      "price": "0.07753",
      "sequence": "5776145600755713",
      "side": "buy",
      "size": "643",
      "symbol": "SDM-USDT",
      "takerOrderId": "6748696e5e5d4c0007eec7b2",
      "time": "1732798830750000000",
      "tradeId": "5776145600755713",
      "type": "match",
      "time_received": "13:00:30.7996"
    },
    {
      "makerOrderId": "67486563b26bfb00078ed4d7",
      "price": "0.07753",
      "sequence": "5776145644140545",
      "side": "buy",
      "size": "1271",
      "symbol": "SDM-USDT",
      "takerOrderId": "6748696eef434f00075fe06a",
      "time": "1732798830849000000",
      "tradeId": "5776145644140545",
      "type": "match",
      "time_received": "13:00:30.8955"
    },
    {
      "makerOrderId": "67486563b26bfb00078ed4d7",
      "price": "0.07753",
      "sequence": "5776145718458369",
      "side": "buy",
      "size": "3301",
      "symbol": "SDM-USDT",
      "takerOrderId": "6748696e5a55500007d961cd",
      "time": "1732798830989000000",
      "tradeId": "5776145718458369",
      "type": "match",
      "time_received": "13:00:31.0411"
    },
    {
      "makerOrderId": "67485f93b26bfb00076a16fc",
      "price": "0.078708",
      "sequence": "5776145860278273",
      "side": "buy",
      "size": "1193",
      "symbol": "SDM-USDT",
      "takerOrderId": "6748696fb26bfb0007a7098b",
      "time": "1732798831330000000",
      "tradeId": "5776145860278273",
      "type": "match",
      "time_received": "13:00:31.3814"
    },
    {
      "makerOrderId": "67485f93b26bfb00076a16fc",
      "price": "0.078708",
      "sequence": "5776145905367041",
      "side": "buy",
      "size": "815",
      "symbol": "SDM-USDT",
      "takerOrderId": "6748696f14a8920007533032",
      "time": "1732798831459000000",
      "tradeId": "5776145905367041",
      "type": "match",
      "time_received": "13:00:31.5109"
    },
    {
      "makerOrderId": "6748696fe21c7400075d00e0",
      "price": "0.078",
      "sequence": "5776145906153473",
      "side": "sell",
      "size": "306",
      "symbol": "SDM-USDT",
      "takerOrderId": "6748696fa69a4c00072209f4",
      "time": "1732798831460000000",
      "tradeId": "5776145906153473",
      "type": "match",
      "time_received": "13:00:31.5110"
    },
    {
      "makerOrderId": "6748696e5a55500007d961cd",
      "price": "0.0778",
      "sequence": "5776145906153476",
      "side": "sell",
      "size": "3125",
      "symbol": "SDM-USDT",
      "takerOrderId": "6748696fa69a4c00072209f4",
      "time": "1732798831460000000",
      "tradeId": "5776145906153476",
      "type": "match",
      "time_received": "13:00:31.5111"
    },
    {
      "makerOrderId": "6748696f1adbea00077b54fd",
      "price": "0.0777",
      "sequence": "5776145906153479",
      "side": "sell",
      "size": "3217",
      "symbol": "SDM-USDT",
      "takerOrderId": "6748696fa69a4c00072209f4",
      "time": "1732798831460000000",
      "tradeId": "5776145906153479",
      "type": "match",
      "time_received": "13:00:31.5111"
    },
    {
      "makerOrderId": "6748696f754b1e000782e573",
      "price": "0.077658",
      "sequence": "5776145906153482",
      "side": "sell",
      "size": "2575",
      "symbol": "SDM-USDT",
      "takerOrderId": "6748696fa69a4c00072209f4",
      "time": "1732798831460000000",
      "tradeId": "5776145906153482",
      "type": "match",
      "time_received": "13:00:31.5111"
    },
    {
      "makerOrderId": "6748696ff61fa000073520e9",
      "price": "0.077002",
      "sequence": "5776145906153485",
      "side": "sell",
      "size": "2695",
      "symbol": "SDM-USDT",
      "takerOrderId": "6748696fa69a4c00072209f4",
      "time": "1732798831460000000",
      "tradeId": "5776145906153485",
      "type": "match",
      "time_received": "13:00:31.5111"
    },
    {
      "makerOrderId": "6748696fef434f00075fe41e",
      "price": "0.077002",
      "sequence": "5776145906153488",
      "side": "sell",
      "size": "1331",
      "symbol": "SDM-USDT",
      "takerOrderId": "6748696fa69a4c00072209f4",
      "time": "1732798831460000000",
      "tradeId": "5776145906153488",
      "type": "match",
      "time_received": "13:00:31.5112"
    },
    {
      "makerOrderId": "6748696fb38d120007466135",
      "price": "0.077001",
      "sequence": "5776145906153491",
      "side": "sell",
      "size": "1331",
      "symbol": "SDM-USDT",
      "takerOrderId": "6748696fa69a4c00072209f4",
      "time": "1732798831460000000",
      "tradeId": "5776145906153491",
      "type": "match",
      "time_received": "13:00:31.5112"
    },
    {
      "makerOrderId": "6748696ef61fa00007351a9f",
      "price": "0.077",
      "sequence": "5776145906153494",
      "side": "sell",
      "size": "151",
      "symbol": "SDM-USDT",
      "takerOrderId": "6748696fa69a4c00072209f4",
      "time": "1732798831460000000",
      "tradeId": "5776145906153494",
      "type": "match",
      "time_received": "13:00:31.5113"
    },
    {
      "makerOrderId": "6748697033b8f300072cb1bc",
      "price": "0.078707",
      "sequence": "5776146212599809",
      "side": "buy",
      "size": "937",
      "symbol": "SDM-USDT",
      "takerOrderId": "67486970439c100007a91f08",
      "time": "1732798832286000000",
      "tradeId": "5776146212599809",
      "type": "match",
      "time_received": "13:00:32.3330"
    },
    {
      "makerOrderId": "6748697033b8f300072cb1bc",
      "price": "0.078707",
      "sequence": "5776146250479617",
      "side": "buy",
      "size": "393",
      "symbol": "SDM-USDT",
      "takerOrderId": "674869709e4e4000078ffa12",
      "time": "1732798832403000000",
      "tradeId": "5776146250479617",
      "type": "match",
      "time_received": "13:00:32.4538"
    },
    {
      "makerOrderId": "67485f93b26bfb00076a16fc",
      "price": "0.078708",
      "sequence": "5776146250479620",
      "side": "buy",
      "size": "6592",
      "symbol": "SDM-USDT",
      "takerOrderId": "674869709e4e4000078ffa12",
      "time": "1732798832403000000",
      "tradeId": "5776146250479620",
      "type": "match",
      "time_received": "13:00:32.4538"
    },
    {
      "makerOrderId": "6748696f439c100007a91c2e",
      "price": "0.079551",
      "sequence": "5776146250479623",
      "side": "buy",
      "size": "2694",
      "symbol": "SDM-USDT",
      "takerOrderId": "674869709e4e4000078ffa12",
      "time": "1732798832403000000",
      "tradeId": "5776146250479623",
      "type": "match",
      "time_received": "13:00:32.4539"
    },
    {
      "makerOrderId": "6748696fe21c7400075d0373",
      "price": "0.079551",
      "sequence": "5776146250479626",
      "side": "buy",
      "size": "1330",
      "symbol": "SDM-USDT",
      "takerOrderId": "674869709e4e4000078ffa12",
      "time": "1732798832403000000",
      "tradeId": "5776146250479626",
      "type": "match",
      "time_received": "13:00:32.4539"
    },
    {
      "makerOrderId": "6748696f5e5d4c0007eece87",
      "price": "0.079552",
      "sequence": "5776146250479629",
      "side": "buy",
      "size": "2565",
      "symbol": "SDM-USDT",
      "takerOrderId": "674869709e4e4000078ffa12",
      "time": "1732798832403000000",
      "tradeId": "5776146250479629",
      "type": "match",
      "time_received": "13:00:32.4541"
    },
    {
      "makerOrderId": "674865638b053b00079d039c",
      "price": "0.07974",
      "sequence": "5776146250479632",
      "side": "buy",
      "size": "64400",
      "symbol": "SDM-USDT",
      "takerOrderId": "674869709e4e4000078ffa12",
      "time": "1732798832403000000",
      "tradeId": "5776146250479632",
      "type": "match",
      "time_received": "13:00:32.4542"
    },
    {
      "makerOrderId": "67485f935e5d4c0007b1e1d7",
      "price": "0.080954",
      "sequence": "5776146639632385",
      "side": "buy",
      "size": "122",
      "symbol": "SDM-USDT",
      "takerOrderId": "6748697133b8f300072cb7dd",
      "time": "1732798833469000000",
      "tradeId": "5776146639632385",
      "type": "match",
      "time_received": "13:00:33.5214"
    },
    {
      "makerOrderId": "67486971754b1e000782f18e",
      "price": "0.08064",
      "sequence": "5776146699008001",
      "side": "sell",
      "size": "124",
      "symbol": "SDM-USDT",
      "takerOrderId": "67486971439c100007a926bc",
      "time": "1732798833609000000",
      "tradeId": "5776146699008001",
      "type": "match",
      "time_received": "13:00:33.6601"
    },
    {
      "makerOrderId": "67486971439c100007a926bc",
      "price": "0.080275",
      "sequence": "5776146700974081",
      "side": "buy",
      "size": "122",
      "symbol": "SDM-USDT",
      "takerOrderId": "674869715e5d4c0007eed93f",
      "time": "1732798833611000000",
      "tradeId": "5776146700974081",
      "type": "match",
      "time_received": "13:00:33.6602"
    },
    {
      "makerOrderId": "67486971439c100007a926bc",
      "price": "0.080275",
      "sequence": "5776146758776833",
      "side": "buy",
      "size": "122",
      "symbol": "SDM-USDT",
      "takerOrderId": "6748697114a8920007533d1c",
      "time": "1732798833735000000",
      "tradeId": "5776146758776833",
      "type": "match",
      "time_received": "13:00:33.7866"
    },
    {
      "makerOrderId": "67486971439c100007a926bc",
      "price": "0.080275",
      "sequence": "5776146793904129",
      "side": "buy",
      "size": "122",
      "symbol": "SDM-USDT",
      "takerOrderId": "6748697114a8920007533dba",
      "time": "1732798833863000000",
      "tradeId": "5776146793904129",
      "type": "match",
      "time_received": "13:00:33.9132"
    },
    {
      "makerOrderId": "67486971439c100007a926bc",
      "price": "0.080275",
      "sequence": "5776146951190529",
      "side": "buy",
      "size": "611",
      "symbol": "SDM-USDT",
      "takerOrderId": "67486972a69a4c000722194e",
      "time": "1732798834299000000",
      "tradeId": "5776146951190529",
      "type": "match",
      "time_received": "13:00:34.3539"
    },
    {
      "makerOrderId": "67486971439c100007a926bc",
      "price": "0.080275",
      "sequence": "5776147005323265",
      "side": "buy",
      "size": "1452",
      "symbol": "SDM-USDT",
      "takerOrderId": "67486972b6d50800077c1cf8",
      "time": "1732798834457000000",
      "tradeId": "5776147005323265",
      "type": "match",
      "time_received": "13:00:34.5094"
    },
    {
      "makerOrderId": "67486972b6d50800077c1cf8",
      "price": "0.08041",
      "sequence": "5776147067713537",
      "side": "sell",
      "size": "643",
      "symbol": "SDM-USDT",
      "takerOrderId": "674869725a55500007d9771a",
      "time": "1732798834620000000",
      "tradeId": "5776147067713537",
      "type": "match",
      "time_received": "13:00:34.6714"
    },
    {
      "makerOrderId": "67485f935e5d4c0007b1e1d7",
      "price": "0.080954",
      "sequence": "5776147274151937",
      "side": "buy",
      "size": "981",
      "symbol": "SDM-USDT",
      "takerOrderId": "67486972f61fa00007353823",
      "time": "1732798834971000000",
      "tradeId": "5776147274151937",
      "type": "match",
      "time_received": "13:00:35.0211"
    },
    {
      "makerOrderId": "67485f935e5d4c0007b1e1d7",
      "price": "0.080954",
      "sequence": "5776147503265793",
      "side": "buy",
      "size": "456",
      "symbol": "SDM-USDT",
      "takerOrderId": "674869738b053b0007b54fcc",
      "time": "1732798835514000000",
      "tradeId": "5776147503265793",
      "type": "match",
      "time_received": "13:00:35.5646"
    },
    {
      "makerOrderId": "67485f935e5d4c0007b1e1d7",
      "price": "0.080954",
      "sequence": "5776147526858753",
      "side": "buy",
      "size": "1246",
      "symbol": "SDM-USDT",
      "takerOrderId": "6748697333b8f300072cc79f",
      "time": "1732798835585000000",
      "tradeId": "5776147526858753",
      "type": "match",
      "time_received": "13:00:35.6346"
    },
    {
      "makerOrderId": "67485f935e5d4c0007b1e1d7",
      "price": "0.080954",
      "sequence": "5776147562641409",
      "side": "buy",
      "size": "454",
      "symbol": "SDM-USDT",
      "takerOrderId": "67486973ef434f00076000b3",
      "time": "1732798835696000000",
      "tradeId": "5776147562641409",
      "type": "match",
      "time_received": "13:00:35.7440"
    },
    {
      "makerOrderId": "67485f935e5d4c0007b1e1d7",
      "price": "0.080954",
      "sequence": "5776147580598273",
      "side": "buy",
      "size": "200",
      "symbol": "SDM-USDT",
      "takerOrderId": "67486973725fc60007d29e6d",
      "time": "1732798835746000000",
      "tradeId": "5776147580598273",
      "type": "match",
      "time_received": "13:00:35.7956"
    },
    {
      "makerOrderId": "67485f935e5d4c0007b1e1d7",
      "price": "0.080954",
      "sequence": "5776147644954625",
      "side": "buy",
      "size": "453",
      "symbol": "SDM-USDT",
      "takerOrderId": "674869735a55500007d98229",
      "time": "1732798835883000000",
      "tradeId": "5776147644954625",
      "type": "match",
      "time_received": "13:00:35.9312"
    },
    {
      "makerOrderId": "67485f935e5d4c0007b1e1d7",
      "price": "0.080954",
      "sequence": "5776147668809729",
      "side": "buy",
      "size": "2430",
      "symbol": "SDM-USDT",
      "takerOrderId": "674869735e5d4c0007eeea49",
      "time": "1732798835969000000",
      "tradeId": "5776147668809729",
      "type": "match",
      "time_received": "13:00:36.0209"
    },
    {
      "makerOrderId": "67485f935e5d4c0007b1e1d7",
      "price": "0.080954",
      "sequence": "5776147683883009",
      "side": "buy",
      "size": "121",
      "symbol": "SDM-USDT",
      "takerOrderId": "67486974b38d120007468168",
      "time": "1732798836014000000",
      "tradeId": "5776147683883009",
      "type": "match",
      "time_received": "13:00:36.0636"
    },
    {
      "makerOrderId": "67485f935e5d4c0007b1e1d7",
      "price": "0.080954",
      "sequence": "5776147711539201",
      "side": "buy",
      "size": "453",
      "symbol": "SDM-USDT",
      "takerOrderId": "67486974812d400007b5cc79",
      "time": "1732798836096000000",
      "tradeId": "5776147711539201",
      "type": "match",
      "time_received": "13:00:36.1474"
    },
    {
      "makerOrderId": "67485f935e5d4c0007b1e1d7",
      "price": "0.080954",
      "sequence": "5776147759511553",
      "side": "buy",
      "size": "386",
      "symbol": "SDM-USDT",
      "takerOrderId": "67486974ef434f00076003a0",
      "time": "1732798836229000000",
      "tradeId": "5776147759511553",
      "type": "match",
      "time_received": "13:00:36.2792"
    },
    {
      "makerOrderId": "67485f935e5d4c0007b1e1d7",
      "price": "0.080954",
      "sequence": "5776147801978881",
      "side": "buy",
      "size": "1231",
      "symbol": "SDM-USDT",
      "takerOrderId": "674869745e5d4c0007eeec4a",
      "time": "1732798836383000000",
      "tradeId": "5776147801978881",
      "type": "match",
      "time_received": "13:00:36.4328"
    },
    {
      "makerOrderId": "67485f935e5d4c0007b1e1d7",
      "price": "0.080954",
      "sequence": "5776147828062209",
      "side": "buy",
      "size": "2167",
      "symbol": "SDM-USDT",
      "takerOrderId": "674869741adbea00077b76c6",
      "time": "1732798836483000000",
      "tradeId": "5776147828062209",
      "type": "match",
      "time_received": "13:00:36.5334"
    },
    {
      "makerOrderId": "6748656314a89200073af791",
      "price": "0.08195",
      "sequence": "5776148020213761",
      "side": "buy",
      "size": "602",
      "symbol": "SDM-USDT",
      "takerOrderId": "67486975e21c7400075d23c1",
      "time": "1732798837020000000",
      "tradeId": "5776148020213761",
      "type": "match",
      "time_received": "13:00:37.0762"
    },
    {
      "makerOrderId": "6748656314a89200073af791",
      "price": "0.08195",
      "sequence": "5776148037253121",
      "side": "buy",
      "size": "2424",
      "symbol": "SDM-USDT",
      "takerOrderId": "67486975b26bfb0007a72d73",
      "time": "1732798837068000000",
      "tradeId": "5776148037253121",
      "type": "match",
      "time_received": "13:00:37.1237"
    },
    {
      "makerOrderId": "6748656314a89200073af791",
      "price": "0.08195",
      "sequence": "5776148268988417",
      "side": "buy",
      "size": "1524",
      "symbol": "SDM-USDT",
      "takerOrderId": "67486975b38d120007468ac0",
      "time": "1732798837667000000",
      "tradeId": "5776148268988417",
      "type": "match",
      "time_received": "13:00:37.7172"
    },
    {
      "makerOrderId": "6748656314a89200073af791",
      "price": "0.08195",
      "sequence": "5776148496005121",
      "side": "buy",
      "size": "950",
      "symbol": "SDM-USDT",
      "takerOrderId": "67486976812d400007b5d8e9",
      "time": "1732798838266000000",
      "tradeId": "5776148496005121",
      "type": "match",
      "time_received": "13:00:38.3151"
    },
    {
      "makerOrderId": "67486974f61fa000073540d6",
      "price": "0.083082",
      "sequence": "5776149026846721",
      "side": "buy",
      "size": "651",
      "symbol": "SDM-USDT",
      "takerOrderId": "6748697733b8f300072ce038",
      "time": "1732798839519000000",
      "tradeId": "5776149026846721",
      "type": "match",
      "time_received": "13:00:39.5749"
    },
    {
      "makerOrderId": "67485f93dcdd7b0007a57a9a",
      "price": "0.0832",
      "sequence": "5776149026846724",
      "side": "buy",
      "size": "851",
      "symbol": "SDM-USDT",
      "takerOrderId": "6748697733b8f300072ce038",
      "time": "1732798839519000000",
      "tradeId": "5776149026846724",
      "type": "match",
      "time_received": "13:00:39.5750"
    },
    {
      "makerOrderId": "67486977754b1e0007831c8f",
      "price": "0.081951",
      "sequence": "5776149130524673",
      "side": "sell",
      "size": "1244",
      "symbol": "SDM-USDT",
      "takerOrderId": "67486977754b1e0007831d31",
      "time": "1732798839832000000",
      "tradeId": "5776149130524673",
      "type": "match",
      "time_received": "13:00:39.8829"
    },
    {
      "makerOrderId": "6748697633b8f300072cd874",
      "price": "0.08195",
      "sequence": "5776149130524676",
      "side": "sell",
      "size": "1309",
      "symbol": "SDM-USDT",
      "takerOrderId": "67486977754b1e0007831d31",
      "time": "1732798839832000000",
      "tradeId": "5776149130524676",
      "type": "match",
      "time_received": "13:00:39.8830"
    },
    {
      "makerOrderId": "6748697633b8f300072cd874",
      "price": "0.08195",
      "sequence": "5776149198551041",
      "side": "sell",
      "size": "270",
      "symbol": "SDM-USDT",
      "takerOrderId": "6748697714a8920007536606",
      "time": "1732798839992000000",
      "tradeId": "5776149198551041",
      "type": "match",
      "time_received": "13:00:40.0442"
    },
    {
      "makerOrderId": "674869778b053b0007b56bce",
      "price": "0.081263",
      "sequence": "5776149198551044",
      "side": "sell",
      "size": "1244",
      "symbol": "SDM-USDT",
      "takerOrderId": "6748697714a8920007536606",
      "time": "1732798839992000000",
      "tradeId": "5776149198551044",
      "type": "match",
      "time_received": "13:00:40.0444"
    },
    {
      "makerOrderId": "674869779e4e40000790299a",
      "price": "0.081262",
      "sequence": "5776149198551047",
      "side": "sell",
      "size": "861",
      "symbol": "SDM-USDT",
      "takerOrderId": "6748697714a8920007536606",
      "time": "1732798839992000000",
      "tradeId": "5776149198551047",
      "type": "match",
      "time_received": "13:00:40.0444"
    },
    {
      "makerOrderId": "6748697714a8920007536606",
      "price": "0.081",
      "sequence": "5776149328836609",
      "side": "buy",
      "size": "94",
      "symbol": "SDM-USDT",
      "takerOrderId": "6748697833b8f300072ce49e",
      "time": "1732798840382000000",
      "tradeId": "5776149328836609",
      "type": "match",
      "time_received": "13:00:40.4330"
    },
    {
      "makerOrderId": "674869785e5d4c0007ef02f4",
      "price": "0.081672",
      "sequence": "5776149328836612",
      "side": "buy",
      "size": "154",
      "symbol": "SDM-USDT",
      "takerOrderId": "6748697833b8f300072ce49e",
      "time": "1732798840382000000",
      "tradeId": "5776149328836612",
      "type": "match",
      "time_received": "13:00:40.4331"
    },
    {
      "makerOrderId": "674869755a55500007d98b28",
      "price": "0.080954",
      "sequence": "5776149333948417",
      "side": "sell",
      "size": "264",
      "symbol": "SDM-USDT",
      "takerOrderId": "67486978812d400007b5e6d0",
      "time": "1732798840395000000",
      "tradeId": "5776149333948417",
      "type": "match",
      "time_received": "13:00:40.4425"
    },
    {
      "makerOrderId": "674869755a55500007d98b28",
      "price": "0.080954",
      "sequence": "5776149441951745",
      "side": "sell",
      "size": "522",
      "symbol": "SDM-USDT",
      "takerOrderId": "67486978812d400007b5e8a9",
      "time": "1732798840733000000",
      "tradeId": "5776149441951745",
      "type": "match",
      "time_received": "13:00:40.7797"
    },
    {
      "makerOrderId": "67486976dcdd7b0007e29ddb",
      "price": "0.080954",
      "sequence": "5776149441951748",
      "side": "sell",
      "size": "611",
      "symbol": "SDM-USDT",
      "takerOrderId": "67486978812d400007b5e8a9",
      "time": "1732798840733000000",
      "tradeId": "5776149441951748",
      "type": "match",
      "time_received": "13:00:40.7798"
    },
    {
      "makerOrderId": "674869782033a50007445b1b",
      "price": "0.08",
      "sequence": "5776149548644353",
      "side": "sell",
      "size": "174",
      "symbol": "SDM-USDT",
      "takerOrderId": "6748697914a8920007536ba0",
      "time": "1732798841046000000",
      "tradeId": "5776149548644353",
      "type": "match",
      "time_received": "13:00:41.0914"
    },
    {
      "makerOrderId": "67486979a69a4c00072245ec",
      "price": "0.078117",
      "sequence": "5776149610379265",
      "side": "sell",
      "size": "121",
      "symbol": "SDM-USDT",
      "takerOrderId": "67486979812d400007b5eb20",
      "time": "1732798841267000000",
      "tradeId": "5776149610379265",
      "type": "match",
      "time_received": "13:00:41.3186"
    },
    {
      "makerOrderId": "67486979a69a4c00072245ec",
      "price": "0.078117",
      "sequence": "5776149764519937",
      "side": "sell",
      "size": "143",
      "symbol": "SDM-USDT",
      "takerOrderId": "674869792033a50007445f69",
      "time": "1732798841781000000",
      "tradeId": "5776149764519937",
      "type": "match",
      "time_received": "13:00:41.8326"
    },
    {
      "makerOrderId": "67486979725fc60007d2bf16",
      "price": "0.078004",
      "sequence": "5776149764519940",
      "side": "sell",
      "size": "1099",
      "symbol": "SDM-USDT",
      "takerOrderId": "674869792033a50007445f69",
      "time": "1732798841781000000",
      "tradeId": "5776149764519940",
      "type": "match",
      "time_received": "13:00:41.8327"
    },
    {
      "makerOrderId": "6748696f754b1e000782e92e",
      "price": "0.078",
      "sequence": "5776149847357441",
      "side": "sell",
      "size": "139",
      "symbol": "SDM-USDT",
      "takerOrderId": "6748697ab38d12000746a3fc",
      "time": "1732798842010000000",
      "tradeId": "5776149847357441",
      "type": "match",
      "time_received": "13:00:42.0606"
    },
    {
      "makerOrderId": "674869792033a50007445f9d",
      "price": "0.077534",
      "sequence": "5776149847357444",
      "side": "sell",
      "size": "1244",
      "symbol": "SDM-USDT",
      "takerOrderId": "6748697ab38d12000746a3fc",
      "time": "1732798842010000000",
      "tradeId": "5776149847357444",
      "type": "match",
      "time_received": "13:00:42.0607"
    },
    {
      "makerOrderId": "67486970b6d50800077c10bf",
      "price": "0.07753",
      "sequence": "5776149847357447",
      "side": "sell",
      "size": "1289",
      "symbol": "SDM-USDT",
      "takerOrderId": "6748697ab38d12000746a3fc",
      "time": "1732798842010000000",
      "tradeId": "5776149847357447",
      "type": "match",
      "time_received": "13:00:42.0608"
    },
    {
      "makerOrderId": "67486976a69a4c000722339a",
      "price": "0.07753",
      "sequence": "5776149847357450",
      "side": "sell",
      "size": "430",
      "symbol": "SDM-USDT",
      "takerOrderId": "6748697ab38d12000746a3fc",
      "time": "1732798842010000000",
      "tradeId": "5776149847357450",
      "type": "match",
      "time_received": "13:00:42.0608"
    },
    {
      "makerOrderId": "6748697ab38d12000746a3fc",
      "price": "0.07663",
      "sequence": "5776149998221313",
      "side": "buy",
      "size": "1233",
      "symbol": "SDM-USDT",
      "takerOrderId": "6748697aef434f0007602728",
      "time": "1732798842443000000",
      "tradeId": "5776149998221313",
      "type": "match",
      "time_received": "13:00:42.4928"
    },
    {
      "makerOrderId": "6748697ab38d12000746a3fc",
      "price": "0.07663",
      "sequence": "5776150036232193",
      "side": "buy",
      "size": "239",
      "symbol": "SDM-USDT",
      "takerOrderId": "6748697ab6d50800077c4fdd",
      "time": "1732798842559000000",
      "tradeId": "5776150036232193",
      "type": "match",
      "time_received": "13:00:42.6071"
    },
    {
      "makerOrderId": "6748697a725fc60007d2c6ee",
      "price": "0.077001",
      "sequence": "5776150205052929",
      "side": "sell",
      "size": "1244",
      "symbol": "SDM-USDT",
      "takerOrderId": "6748697ae21c7400075d45e5",
      "time": "1732798842988000000",
      "tradeId": "5776150205052929",
      "type": "match",
      "time_received": "13:00:43.0396"
    },
    {
      "makerOrderId": "6748697ab6d50800077c4fdd",
      "price": "0.077",
      "sequence": "5776150205052932",
      "side": "sell",
      "size": "864",
      "symbol": "SDM-USDT",
      "takerOrderId": "6748697ae21c7400075d45e5",
      "time": "1732798842988000000",
      "tradeId": "5776150205052932",
      "type": "match",
      "time_received": "13:00:43.0397"
    },
    {
      "makerOrderId": "6748696b439c100007a9013c",
      "price": "0.076462",
      "sequence": "5776150217766913",
      "side": "sell",
      "size": "2630",
      "symbol": "SDM-USDT",
      "takerOrderId": "6748697bb26bfb0007a74fc0",
      "time": "1732798843023000000",
      "tradeId": "5776150217766913",
      "type": "match",
      "time_received": "13:00:43.0733"
    },
    {
      "makerOrderId": "6748697ae21c7400075d45e5",
      "price": "0.076648",
      "sequence": "5776150257612801",
      "side": "buy",
