{
  "metadata": {
    "symbol": "HSK",
    "channel": "match",
    "start_time": "09:59:30.0000",
    "release_time": "10:00:00.0000",
    "end_time": "10:05:00.0000",
    "total_messages": 3381,
    "final_snapshot": {
      "time": "10:05:00.0220",
      "symbol": "HSK-USDT",
      "price_high": "1.2",
      "price_last": "1.0031",
      "price_low": "0.1",
      "price_avg": null,
      "volValue_USDT": "649740.708434"
    }
  },
  "data": [
    {
      "price": "0.1",
      "sequence": "5704949327083521",
      "side": "sell",
      "size": "1",
      "symbol": "HSK-USDT",
      "time": "1732615200000000000",
      "tradeId": "5704949327083521",
      "type": "match",
      "time_received": "10:00:00.0819"
    },
    {
      "makerOrderId": "67459b59c5ba740007080338",
      "price": "0.404",
      "sequence": "5704949335341057",
      "side": "buy",
      "size": "5000",
      "symbol": "HSK-USDT",
      "takerOrderId": "67459c2031d0950007afbf8a",
      "time": "1732615200038000000",
      "tradeId": "5704949335341057",
      "type": "match",
      "time_received": "10:00:00.0901"
    },
    {
      "makerOrderId": "67459b5aae93cc0007481f55",
      "price": "0.408",
      "sequence": "5704949335341060",
      "side": "buy",
      "size": "4000",
      "symbol": "HSK-USDT",
      "takerOrderId": "67459c2031d0950007afbf8a",
      "time": "1732615200038000000",
      "tradeId": "5704949335341060",
      "type": "match",
      "time_received": "10:00:00.0903"
    },
    {
      "makerOrderId": "67459b5a6967d300078322e9",
      "price": "0.42",
      "sequence": "5704949335341063",
      "side": "buy",
      "size": "20000",
      "symbol": "HSK-USDT",
      "takerOrderId": "67459c2031d0950007afbf8a",
      "time": "1732615200038000000",
      "tradeId": "5704949335341063",
      "type": "match",
      "time_received": "10:00:00.0903"
    },
    {
      "makerOrderId": "67459b5a0d855300079e47b0",
      "price": "0.45",
      "sequence": "5704949338880001",
      "side": "buy",
      "size": "3333",
      "symbol": "HSK-USDT",
      "takerOrderId": "67459c20c65bf70007b79e90",
      "time": "1732615200042000000",
      "tradeId": "5704949338880001",
      "type": "match",
      "time_received": "10:00:00.0913"
    },
    {
      "makerOrderId": "67459b5a0d855300079e47b0",
      "price": "0.45",
      "sequence": "5704949339142145",
      "side": "buy",
      "size": "1000",
      "symbol": "HSK-USDT",
      "takerOrderId": "67459c2031d0950007afbfb0",
      "time": "1732615200044000000",
      "tradeId": "5704949339142145",
      "type": "match",
      "time_received": "10:00:00.0914"
    },
    {
      "makerOrderId": "67459b5a0d855300079e47b0",
      "price": "0.45",
      "sequence": "5704949342943233",
      "side": "buy",
      "size": "7538",
      "symbol": "HSK-USDT",
      "takerOrderId": "67459c2031d0950007afbfba",
      "time": "1732615200051000000",
      "tradeId": "5704949342943233",
      "type": "match",
      "time_received": "10:00:00.0984"
    },
    {
      "makerOrderId": "67459b5a0d855300079e47b0",
      "price": "0.45",
      "sequence": "5704949345564673",
      "side": "buy",
      "size": "800",
      "symbol": "HSK-USDT",
      "takerOrderId": "67459c20c65bf70007b79ed4",
      "time": "1732615200056000000",
      "tradeId": "5704949345564673",
      "type": "match",
      "time_received": "10:00:00.1092"
    },
    {
      "makerOrderId": "67459b5a0d855300079e47b0",
      "price": "0.45",
      "sequence": "5704949345826817",
      "side": "buy",
      "size": "1000",
      "symbol": "HSK-USDT",
      "takerOrderId": "67459c20c65bf70007b79f08",
      "time": "1732615200056000000",
      "tradeId": "5704949345826817",
      "type": "match",
      "time_received": "10:00:00.1093"
    },
    {
      "makerOrderId": "67459b5a0d855300079e47b0",
      "price": "0.45",
      "sequence": "5704949346875393",
      "side": "buy",
      "size": "1000",
      "symbol": "HSK-USDT",
      "takerOrderId": "67459c20ae93cc00074d7888",
      "time": "1732615200058000000",
      "tradeId": "5704949346875393",
      "type": "match",
      "time_received": "10:00:00.1094"
    },
    {
      "makerOrderId": "67459b5a0d855300079e47b0",
      "price": "0.45",
      "sequence": "5704949347006465",
      "side": "buy",
      "size": "800",
      "symbol": "HSK-USDT",
      "takerOrderId": "67459c20ae93cc00074d7897",
      "time": "1732615200058000000",
      "tradeId": "5704949347006465",
      "type": "match",
      "time_received": "10:00:00.1095"
    },
    {
      "makerOrderId": "67459b5a0d855300079e47b0",
      "price": "0.45",
      "sequence": "5704949347530753",
      "side": "buy",
      "size": "1320",
      "symbol": "HSK-USDT",
      "takerOrderId": "67459c20c65bf70007b79f24",
      "time": "1732615200058000000",
      "tradeId": "5704949347530753",
      "type": "match",
      "time_received": "10:00:00.1095"
    },
    {
      "makerOrderId": "67459b5a0d855300079e47b0",
      "price": "0.45",
      "sequence": "5704949348448257",
      "side": "buy",
      "size": "1209",
      "symbol": "HSK-USDT",
      "takerOrderId": "67459c20cf286a0007c3a1e9",
      "time": "1732615200060000000",
      "tradeId": "5704949348448257",
      "type": "match",
      "time_received": "10:00:00.1509"
    },
    {
      "makerOrderId": "6745991a37061e0007b14d3d",
      "price": "0.53",
      "sequence": "5704949349365761",
      "side": "buy",
      "size": "800",
      "symbol": "HSK-USDT",
      "takerOrderId": "67459c20ae93cc00074d78a9",
      "time": "1732615200061000000",
      "tradeId": "5704949349365761",
      "type": "match",
      "time_received": "10:00:00.1510"
    },
    {
      "makerOrderId": "6745991a37061e0007b14d3d",
      "price": "0.53",
      "sequence": "5704949353297921",
      "side": "buy",
      "size": "1320",
      "symbol": "HSK-USDT",
      "takerOrderId": "67459c20c65bf70007b79f2e",
      "time": "1732615200065000000",
      "tradeId": "5704949353297921",
      "type": "match",
      "time_received": "10:00:00.1510"
    },
    {
      "makerOrderId": "6745991a37061e0007b14d3d",
      "price": "0.53",
      "sequence": "5704949353428993",
      "side": "buy",
      "size": "800",
      "symbol": "HSK-USDT",
      "takerOrderId": "67459c20cf286a0007c3a201",
      "time": "1732615200066000000",
      "tradeId": "5704949353428993",
      "type": "match",
      "time_received": "10:00:00.1511"
    },
    {
      "makerOrderId": "6745991a37061e0007b14d3d",
      "price": "0.53",
      "sequence": "5704949353560065",
      "side": "buy",
      "size": "513",
      "symbol": "HSK-USDT",
      "takerOrderId": "67459c20c65bf70007b79f35",
      "time": "1732615200066000000",
      "tradeId": "5704949353560065",
      "type": "match",
      "time_received": "10:00:00.1511"
    },
    {
      "makerOrderId": "67459922f4a7c500070794d9",
      "price": "0.698",
      "sequence": "5704949360506881",
      "side": "buy",
      "size": "36.25",
      "symbol": "HSK-USDT",
      "takerOrderId": "67459c20ae93cc00074d7923",
      "time": "1732615200073000000",
      "tradeId": "5704949360506881",
      "type": "match",
      "time_received": "10:00:00.1511"
    },
    {
      "makerOrderId": "67459922f4a7c500070794d9",
      "price": "0.698",
      "sequence": "5704949401925633",
      "side": "buy",
      "size": "1",
      "symbol": "HSK-USDT",
      "takerOrderId": "67459c206967d30007887da0",
      "time": "1732615200116000000",
      "tradeId": "5704949401925633",
      "type": "match",
      "time_received": "10:00:00.1595"
    },
    {
      "makerOrderId": "67459922f4a7c500070794d9",
      "price": "0.698",
      "sequence": "5704949424994305",
      "side": "buy",
      "size": "1",
      "symbol": "HSK-USDT",
      "takerOrderId": "67459c20c65bf70007b7a0df",
      "time": "1732615200136000000",
      "tradeId": "5704949424994305",
      "type": "match",
      "time_received": "10:00:00.1854"
    },
    {
      "makerOrderId": "67459922f4a7c500070794d9",
      "price": "0.698",
      "sequence": "5704949428664321",
      "side": "buy",
      "size": "1320",
      "symbol": "HSK-USDT",
      "takerOrderId": "67459c20f4a7c500071f2538",
      "time": "1732615200140000000",
      "tradeId": "5704949428664321",
      "type": "match",
      "time_received": "10:00:00.1973"
    },
    {
      "makerOrderId": "67459922f4a7c500070794d9",
      "price": "0.698",
      "sequence": "5704949463267329",
      "side": "buy",
      "size": "1",
      "symbol": "HSK-USDT",
      "takerOrderId": "67459c20b7e21a0007e87ed2",
      "time": "1732615200177000000",
      "tradeId": "5704949463267329",
      "type": "match",
      "time_received": "10:00:00.2247"
    },
    {
      "makerOrderId": "67459922f4a7c500070794d9",
      "price": "0.698",
      "sequence": "5704949474408449",
      "side": "buy",
      "size": "1513.75",
      "symbol": "HSK-USDT",
      "takerOrderId": "67459c20f15b27000725460b",
      "time": "1732615200189000000",
      "tradeId": "5704949474408449",
      "type": "match",
      "time_received": "10:00:00.2354"
    },
    {
      "makerOrderId": "6745992968486d0007f75e61",
      "price": "0.73",
      "sequence": "5704949474408452",
      "side": "buy",
      "size": "2773",
      "symbol": "HSK-USDT",
      "takerOrderId": "67459c20f15b27000725460b",
      "time": "1732615200189000000",
      "tradeId": "5704949474408452",
      "type": "match",
      "time_received": "10:00:00.2355"
    },
    {
      "makerOrderId": "6745810167cdc90007ef191a",
      "price": "0.75",
      "sequence": "5704949474408455",
      "side": "buy",
      "size": "50000",
      "symbol": "HSK-USDT",
      "takerOrderId": "67459c20f15b27000725460b",
      "time": "1732615200189000000",
      "tradeId": "5704949474408455",
      "type": "match",
      "time_received": "10:00:00.2355"
    },
    {
      "makerOrderId": "6745993031d095000798a559",
      "price": "0.798",
      "sequence": "5704949485549569",
      "side": "buy",
      "size": "1",
      "symbol": "HSK-USDT",
      "takerOrderId": "67459c20f4a7c500071f271a",
      "time": "1732615200201000000",
      "tradeId": "5704949485549569",
      "type": "match",
      "time_received": "10:00:00.2487"
    },
    {
      "makerOrderId": "6745993031d095000798a559",
      "price": "0.798",
      "sequence": "5704949485680641",
      "side": "buy",
      "size": "100",
      "symbol": "HSK-USDT",
      "takerOrderId": "67459c20c65bf70007b7a2cf",
      "time": "1732615200201000000",
      "tradeId": "5704949485680641",
      "type": "match",
      "time_received": "10:00:00.2487"
    },
    {
      "makerOrderId": "6745993031d095000798a559",
      "price": "0.798",
      "sequence": "5704949490137089",
      "side": "buy",
      "size": "565",
      "symbol": "HSK-USDT",
      "takerOrderId": "67459c20f4a7c500071f26b8",
      "time": "1732615200204000000",
      "tradeId": "5704949490137089",
      "type": "match",
      "time_received": "10:00:00.2531"
    },
    {
      "makerOrderId": "6745993031d095000798a559",
      "price": "0.798",
      "sequence": "5704949499312129",
      "side": "buy",
      "size": "1",
      "symbol": "HSK-USDT",
      "takerOrderId": "67459c20ae93cc00074d7d31",
      "time": "1732615200217000000",
      "tradeId": "5704949499312129",
      "type": "match",
      "time_received": "10:00:00.2651"
    },
    {
      "makerOrderId": "6745993031d095000798a559",
      "price": "0.798",
      "sequence": "5704949500229633",
      "side": "buy",
      "size": "20",
      "symbol": "HSK-USDT",
      "takerOrderId": "67459c20b7e21a0007e88001",
      "time": "1732615200217000000",
      "tradeId": "5704949500229633",
      "type": "match",
      "time_received": "10:00:00.2652"
    },
    {
      "makerOrderId": "6745993031d095000798a559",
      "price": "0.798",
      "sequence": "5704949548988417",
      "side": "buy",
      "size": "1",
      "symbol": "HSK-USDT",
      "takerOrderId": "67459c2067cdc90007d08df8",
      "time": "1732615200267000000",
      "tradeId": "5704949548988417",
      "type": "match",
      "time_received": "10:00:00.3209"
    },
    {
      "makerOrderId": "6745993031d095000798a559",
      "price": "0.798",
      "sequence": "5704949559998465",
      "side": "buy",
      "size": "1",
      "symbol": "HSK-USDT",
      "takerOrderId": "67459c20f15b27000725483c",
      "time": "1732615200281000000",
      "tradeId": "5704949559998465",
      "type": "match",
      "time_received": "10:00:00.3329"
    },
    {
      "makerOrderId": "6745993031d095000798a559",
      "price": "0.798",
      "sequence": "5704949560129537",
      "side": "buy",
      "size": "1",
      "symbol": "HSK-USDT",
      "takerOrderId": "67459c20f15b27000725483d",
      "time": "1732615200281000000",
      "tradeId": "5704949560129537",
      "type": "match",
      "time_received": "10:00:00.3330"
    },
    {
      "makerOrderId": "6745993031d095000798a559",
      "price": "0.798",
      "sequence": "5704949560391681",
      "side": "buy",
      "size": "1",
      "symbol": "HSK-USDT",
      "takerOrderId": "67459c20ae93cc00074d7e94",
      "time": "1732615200282000000",
      "tradeId": "5704949560391681",
      "type": "match",
      "time_received": "10:00:00.3331"
    },
    {
      "makerOrderId": "6745993031d095000798a559",
      "price": "0.798",
      "sequence": "5704949577299969",
      "side": "buy",
      "size": "1",
      "symbol": "HSK-USDT",
      "takerOrderId": "67459c20c5ba7400070d5ffc",
      "time": "1732615200308000000",
      "tradeId": "5704949577299969",
      "type": "match",
      "time_received": "10:00:00.3508"
    },
    {
      "makerOrderId": "6745993031d095000798a559",
      "price": "0.798",
      "sequence": "5704949577431041",
      "side": "buy",
      "size": "1",
      "symbol": "HSK-USDT",
      "takerOrderId": "67459c20c5ba7400070d6018",
      "time": "1732615200308000000",
      "tradeId": "5704949577431041",
      "type": "match",
      "time_received": "10:00:00.3509"
    },
    {
      "makerOrderId": "6745993031d095000798a559",
      "price": "0.798",
      "sequence": "5704949579921409",
      "side": "buy",
      "size": "1",
      "symbol": "HSK-USDT",
      "takerOrderId": "67459c20c65bf70007b7a5be",
      "time": "1732615200314000000",
      "tradeId": "5704949579921409",
      "type": "match",
      "time_received": "10:00:00.3609"
    },
    {
      "makerOrderId": "67459c2031d0950007afc3b7",
      "price": "0.7",
      "sequence": "5704949612427265",
      "side": "sell",
      "size": "200",
      "symbol": "HSK-USDT",
      "takerOrderId": "67459c2067cdc90007d08fd8",
      "time": "1732615200357000000",
      "tradeId": "5704949612427265",
      "type": "match",
      "time_received": "10:00:00.4034"
    },
    {
      "makerOrderId": "67459c20b7e21a0007e8804b",
      "price": "0.6991",
      "sequence": "5704949612427268",
      "side": "sell",
      "size": "1",
      "symbol": "HSK-USDT",
      "takerOrderId": "67459c2067cdc90007d08fd8",
      "time": "1732615200357000000",
      "tradeId": "5704949612427268",
      "type": "match",
      "time_received": "10:00:00.4035"
    },
    {
      "makerOrderId": "67459c20ae93cc00074d7bb6",
      "price": "0.6968",
      "sequence": "5704949612427271",
      "side": "sell",
      "size": "1",
      "symbol": "HSK-USDT",
      "takerOrderId": "67459c2067cdc90007d08fd8",
      "time": "1732615200357000000",
      "tradeId": "5704949612427271",
      "type": "match",
      "time_received": "10:00:00.4036"
    },
    {
      "makerOrderId": "67459c2037061e0007c92ab0",
      "price": "0.7001",
      "sequence": "5704949628942337",
      "side": "buy",
      "size": "30",
      "symbol": "HSK-USDT",
      "takerOrderId": "67459c204fe74600077f7ef5",
      "time": "1732615200381000000",
      "tradeId": "5704949628942337",
      "type": "match",
      "time_received": "10:00:00.4276"
    },
    {
      "makerOrderId": "67459c2037061e0007c92ab0",
      "price": "0.7001",
      "sequence": "5704949629990913",
      "side": "buy",
      "size": "1",
      "symbol": "HSK-USDT",
      "takerOrderId": "67459c20ae93cc00074d8060",
      "time": "1732615200384000000",
      "tradeId": "5704949629990913",
      "type": "match",
      "time_received": "10:00:00.4277"
    },
    {
      "makerOrderId": "67459c2037061e0007c92ab0",
      "price": "0.7001",
      "sequence": "5704949637724161",
      "side": "buy",
      "size": "1",
      "symbol": "HSK-USDT",
      "takerOrderId": "67459c20cf286a0007c3a9dc",
      "time": "1732615200398000000",
      "tradeId": "5704949637724161",
      "type": "match",
      "time_received": "10:00:00.4415"
    },
    {
      "makerOrderId": "67459c2037061e0007c92ab0",
      "price": "0.7001",
      "sequence": "5704949638117377",
      "side": "buy",
      "size": "185",
      "symbol": "HSK-USDT",
      "takerOrderId": "67459c20ae93cc00074d8058",
      "time": "1732615200399000000",
      "tradeId": "5704949638117377",
      "type": "match",
      "time_received": "10:00:00.4466"
    },
    {
      "makerOrderId": "67459c2037061e0007c92ab0",
      "price": "0.7001",
      "sequence": "5704949650044929",
      "side": "buy",
      "size": "1",
      "symbol": "HSK-USDT",
      "takerOrderId": "67459c20f15b270007254b53",
      "time": "1732615200431000000",
      "tradeId": "5704949650044929",
      "type": "match",
      "time_received": "10:00:00.4755"
    },
    {
      "makerOrderId": "67459c2037061e0007c92ab0",
      "price": "0.7001",
      "sequence": "5704949657122817",
      "side": "buy",
      "size": "1",
      "symbol": "HSK-USDT",
      "takerOrderId": "67459c20ae93cc00074d8142",
      "time": "1732615200442000000",
      "tradeId": "5704949657122817",
      "type": "match",
      "time_received": "10:00:00.4908"
    },
    {
      "makerOrderId": "67459c2037061e0007c92ab0",
      "price": "0.7001",
      "sequence": "5704949658040321",
      "side": "buy",
      "size": "1",
      "symbol": "HSK-USDT",
      "takerOrderId": "67459c20cf286a0007c3aa83",
      "time": "1732615200445000000",
      "tradeId": "5704949658040321",
      "type": "match",
      "time_received": "10:00:00.4909"
    },
    {
      "makerOrderId": "67459c2037061e0007c92ab0",
      "price": "0.7001",
      "sequence": "5704949659613185",
      "side": "buy",
      "size": "1",
      "symbol": "HSK-USDT",
      "takerOrderId": "67459c20ae93cc00074d815a",
      "time": "1732615200450000000",
      "tradeId": "5704949659613185",
      "type": "match",
      "time_received": "10:00:00.4990"
    },
    {
      "makerOrderId": "67459c2037061e0007c92ab0",
      "price": "0.7001",
      "sequence": "5704949660792833",
      "side": "buy",
      "size": "36.16",
      "symbol": "HSK-USDT",
      "takerOrderId": "67459c2068486d00070eb5f6",
      "time": "1732615200454000000",
      "tradeId": "5704949660792833",
      "type": "match",
      "time_received": "10:00:00.4990"
    },
    {
      "makerOrderId": "67459c2037061e0007c92ab0",
      "price": "0.7001",
      "sequence": "5704949676390401",
      "side": "buy",
      "size": "1",
      "symbol": "HSK-USDT",
      "takerOrderId": "67459c20f15b270007254c39",
      "time": "1732615200492000000",
      "tradeId": "5704949676390401",
      "type": "match",
      "time_received": "10:00:00.5401"
    },
    {
      "makerOrderId": "67459c2037061e0007c92ab0",
      "price": "0.7001",
      "sequence": "5704949676521473",
      "side": "buy",
      "size": "1",
      "symbol": "HSK-USDT",
      "takerOrderId": "67459c20f4f12000073d5cfd",
      "time": "1732615200492000000",
      "tradeId": "5704949676521473",
      "type": "match",
      "time_received": "10:00:00.5402"
    },
    {
      "makerOrderId": "67459c2037061e0007c92ab0",
      "price": "0.7001",
      "sequence": "5704949676783617",
      "side": "buy",
      "size": "1",
      "symbol": "HSK-USDT",
      "takerOrderId": "67459c20f4f12000073d5cbc",
      "time": "1732615200492000000",
      "tradeId": "5704949676783617",
      "type": "match",
      "time_received": "10:00:00.5403"
    },
    {
      "makerOrderId": "67459c2037061e0007c92ab0",
      "price": "0.7001",
      "sequence": "5704949683206145",
      "side": "buy",
      "size": "1",
      "symbol": "HSK-USDT",
      "takerOrderId": "67459c201586c1000723618c",
      "time": "1732615200502000000",
      "tradeId": "5704949683206145",
      "type": "match",
      "time_received": "10:00:00.5454"
    },
    {
      "makerOrderId": "67459c2037061e0007c92ab0",
      "price": "0.7001",
      "sequence": "5704949683992577",
      "side": "buy",
      "size": "1",
      "symbol": "HSK-USDT",
      "takerOrderId": "67459c200d85530007a3a801",
      "time": "1732615200504000000",
      "tradeId": "5704949683992577",
      "type": "match",
      "time_received": "10:00:00.5524"
    },
    {
      "makerOrderId": "67459c2037061e0007c92ab0",
      "price": "0.7001",
      "sequence": "5704949684779009",
      "side": "buy",
      "size": "1",
      "symbol": "HSK-USDT",
      "takerOrderId": "67459c204fe74600077f812c",
      "time": "1732615200506000000",
      "tradeId": "5704949684779009",
      "type": "match",
      "time_received": "10:00:00.5526"
    },
    {
      "makerOrderId": "67459c2037061e0007c92ab0",
      "price": "0.7001",
      "sequence": "5704949693429761",
      "side": "buy",
      "size": "1",
      "symbol": "HSK-USDT",
      "takerOrderId": "67459c20f4a7c500071f2c86",
      "time": "1732615200517000000",
      "tradeId": "5704949693429761",
      "type": "match",
      "time_received": "10:00:00.5674"
    },
    {
      "makerOrderId": "67459c2037061e0007c92ab0",
      "price": "0.7001",
      "sequence": "5704949694871553",
      "side": "buy",
      "size": "1",
      "symbol": "HSK-USDT",
      "takerOrderId": "67459c201586c1000723621c",
      "time": "1732615200519000000",
      "tradeId": "5704949694871553",
      "type": "match",
      "time_received": "10:00:00.5675"
    },
    {
      "makerOrderId": "67459c2037061e0007c92ab0",
      "price": "0.7001",
      "sequence": "5704949705488385",
      "side": "buy",
      "size": "1",
      "symbol": "HSK-USDT",
      "takerOrderId": "67459c201586c10007236266",
      "time": "1732615200538000000",
      "tradeId": "5704949705488385",
      "type": "match",
      "time_received": "10:00:00.5854"
    },
    {
      "makerOrderId": "67459c2037061e0007c92ab0",
      "price": "0.7001",
      "sequence": "5704949714663425",
      "side": "buy",
      "size": "1",
      "symbol": "HSK-USDT",
      "takerOrderId": "67459c20c5ba7400070d644e",
      "time": "1732615200553000000",
      "tradeId": "5704949714663425",
      "type": "match",
      "time_received": "10:00:00.5998"
    },
    {
      "makerOrderId": "67459c2037061e0007c92ab0",
      "price": "0.7001",
      "sequence": "5704949717284865",
      "side": "buy",
      "size": "1",
      "symbol": "HSK-USDT",
      "takerOrderId": "67459c2031d0950007afca4d",
      "time": "1732615200558000000",
      "tradeId": "5704949717284865",
      "type": "match",
      "time_received": "10:00:00.6068"
    },
    {
      "makerOrderId": "67459c2037061e0007c92ab0",
      "price": "0.7001",
      "sequence": "5704949720037377",
      "side": "buy",
      "size": "1",
      "symbol": "HSK-USDT",
      "takerOrderId": "67459c20b7e21a0007e8861a",
      "time": "1732615200563000000",
      "tradeId": "5704949720037377",
      "type": "match",
      "time_received": "10:00:00.6069"
    },
    {
      "makerOrderId": "67459c206967d30007888272",
      "price": "0.6001",
      "sequence": "5704949725149185",
      "side": "sell",
      "size": "89.32",
      "symbol": "HSK-USDT",
      "takerOrderId": "67459c20088f0100072d1f9a",
      "time": "1732615200577000000",
      "tradeId": "5704949725149185",
      "type": "match",
      "time_received": "10:00:00.6266"
    },
    {
      "makerOrderId": "67459c20088f0100072d1f9a",
      "price": "0.6001",
      "sequence": "5704949728688129",
      "side": "buy",
      "size": "1",
      "symbol": "HSK-USDT",
      "takerOrderId": "67459c20f15b270007254d5a",
      "time": "1732615200582000000",
      "tradeId": "5704949728688129",
      "type": "match",
      "time_received": "10:00:00.6267"
    },
    {
      "makerOrderId": "67459c20088f0100072d1f9a",
      "price": "0.6001",
      "sequence": "5704949732489217",
      "side": "buy",
      "size": "34.4",
      "symbol": "HSK-USDT",
      "takerOrderId": "67459c201586c100072362c6",
      "time": "1732615200587000000",
      "tradeId": "5704949732489217",
      "type": "match",
      "time_received": "10:00:00.6330"
    },
    {
      "makerOrderId": "67459c20088f0100072d1f9a",
      "price": "0.6001",
      "sequence": "5704949734979585",
      "side": "buy",
      "size": "1",
      "symbol": "HSK-USDT",
      "takerOrderId": "67459c20c65bf70007b7a9e0",
      "time": "1732615200592000000",
      "tradeId": "5704949734979585",
      "type": "match",
      "time_received": "10:00:00.6412"
    },
    {
      "makerOrderId": "67459c2037061e0007c92ab0",
      "price": "0.7001",
      "sequence": "5704949736552449",
      "side": "buy",
      "size": "1",
      "symbol": "HSK-USDT",
      "takerOrderId": "67459c2068486d00070eb7df",
      "time": "1732615200594000000",
      "tradeId": "5704949736552449",
      "type": "match",
      "time_received": "10:00:00.6413"
    },
    {
      "makerOrderId": "67459c20c65bf70007b79f35",
      "price": "0.6",
      "sequence": "5704949736945665",
      "side": "sell",
      "size": "1",
      "symbol": "HSK-USDT",
      "takerOrderId": "67459c200d85530007a3a959",
      "time": "1732615200595000000",
      "tradeId": "5704949736945665",
      "type": "match",
      "time_received": "10:00:00.6413"
    },
    {
      "makerOrderId": "67459c2037061e0007c92ab0",
      "price": "0.7001",
      "sequence": "5704949740615681",
      "side": "buy",
      "size": "1",
      "symbol": "HSK-USDT",
      "takerOrderId": "67459c20b7e21a0007e886a7",
      "time": "1732615200606000000",
      "tradeId": "5704949740615681",
      "type": "match",
      "time_received": "10:00:00.6560"
    },
    {
      "makerOrderId": "67459c2037061e0007c92ab0",
      "price": "0.7001",
      "sequence": "5704949750970369",
      "side": "buy",
      "size": "1",
      "symbol": "HSK-USDT",
      "takerOrderId": "67459c20f15b270007254dcf",
      "time": "1732615200623000000",
      "tradeId": "5704949750970369",
      "type": "match",
      "time_received": "10:00:00.6734"
    },
    {
      "makerOrderId": "67459c2037061e0007c92ab0",
      "price": "0.7001",
      "sequence": "5704949751232513",
      "side": "buy",
      "size": "36.16",
      "symbol": "HSK-USDT",
      "takerOrderId": "67459c2068486d00070eb83a",
      "time": "1732615200624000000",
      "tradeId": "5704949751232513",
      "type": "match",
      "time_received": "10:00:00.6735"
    },
    {
      "makerOrderId": "67459c2037061e0007c92ab0",
      "price": "0.7001",
      "sequence": "5704949753460737",
      "side": "buy",
      "size": "1",
      "symbol": "HSK-USDT",
      "takerOrderId": "67459c20c5ba7400070d653f",
      "time": "1732615200631000000",
      "tradeId": "5704949753460737",
      "type": "match",
      "time_received": "10:00:00.6790"
    },
    {
      "makerOrderId": "67459c2037061e0007c92ab0",
      "price": "0.7001",
      "sequence": "5704949763160065",
      "side": "buy",
      "size": "1",
      "symbol": "HSK-USDT",
      "takerOrderId": "67459c2031d0950007afcb68",
      "time": "1732615200645000000",
      "tradeId": "5704949763160065",
      "type": "match",
      "time_received": "10:00:00.6878"
    },
    {
      "makerOrderId": "67459c20cf286a0007c3ace3",
      "price": "0.6093",
      "sequence": "5704949766699009",
      "side": "buy",
      "size": "89.32",
      "symbol": "HSK-USDT",
      "takerOrderId": "67459c206967d3000788866d",
      "time": "1732615200654000000",
      "tradeId": "5704949766699009",
      "type": "match",
      "time_received": "10:00:00.7099"
    },
    {
      "makerOrderId": "67459c2037061e0007c92ab0",
      "price": "0.7001",
      "sequence": "5704949777577985",
      "side": "buy",
      "size": "32.02",
      "symbol": "HSK-USDT",
      "takerOrderId": "67459c206967d30007888817",
      "time": "1732615200675000000",
      "tradeId": "5704949777577985",
      "type": "match",
      "time_received": "10:00:00.7311"
    },
    {
      "makerOrderId": "67459c2037061e0007c92ab0",
      "price": "0.7001",
      "sequence": "5704949784000513",
      "side": "buy",
      "size": "1",
      "symbol": "HSK-USDT",
      "takerOrderId": "67459c20f4f12000073d5f84",
      "time": "1732615200690000000",
      "tradeId": "5704949784000513",
      "type": "match",
      "time_received": "10:00:00.7355"
    },
    {
      "makerOrderId": "67459c2037061e0007c92ab0",
      "price": "0.7001",
      "sequence": "5704949787015169",
      "side": "buy",
      "size": "1",
      "symbol": "HSK-USDT",
      "takerOrderId": "67459c2068486d00070eb8fb",
      "time": "1732615200698000000",
      "tradeId": "5704949787015169",
      "type": "match",
      "time_received": "10:00:00.7462"
    },
    {
      "makerOrderId": "67459c2037061e0007c92ab0",
      "price": "0.7001",
      "sequence": "5704949789112321",
      "side": "buy",
      "size": "10",
      "symbol": "HSK-USDT",
      "takerOrderId": "67459c20d52cb800078267a7",
      "time": "1732615200704000000",
      "tradeId": "5704949789112321",
      "type": "match",
      "time_received": "10:00:00.7514"
    },
    {
      "makerOrderId": "67459c2037061e0007c92ab0",
      "price": "0.7001",
      "sequence": "5704949791733761",
      "side": "buy",
      "size": "1",
      "symbol": "HSK-USDT",
      "takerOrderId": "67459c20f4a7c500071f2ec9",
      "time": "1732615200712000000",
      "tradeId": "5704949791733761",
      "type": "match",
      "time_received": "10:00:00.7626"
    },
    {
      "makerOrderId": "67459c2037061e0007c92ab0",
      "price": "0.7001",
      "sequence": "5704949796583425",
      "side": "buy",
      "size": "1",
      "symbol": "HSK-USDT",
      "takerOrderId": "67459c20f4a7c500071f2eea",
      "time": "1732615200722000000",
      "tradeId": "5704949796583425",
      "type": "match",
      "time_received": "10:00:00.7856"
    },
    {
      "makerOrderId": "67459c2037061e0007c92ab0",
      "price": "0.7001",
      "sequence": "5704949804185601",
      "side": "buy",
      "size": "1",
      "symbol": "HSK-USDT",
      "takerOrderId": "67459c2068486d00070eb968",
      "time": "1732615200737000000",
      "tradeId": "5704949804185601",
      "type": "match",
      "time_received": "10:00:00.7857"
    },
    {
      "makerOrderId": "67459c2037061e0007c92ab0",
      "price": "0.7001",
      "sequence": "5704949809166337",
      "side": "buy",
      "size": "1",
      "symbol": "HSK-USDT",
      "takerOrderId": "67459c20f4f12000073d6032",
      "time": "1732615200746000000",
      "tradeId": "5704949809166337",
      "type": "match",
      "time_received": "10:00:00.7925"
    },
    {
      "makerOrderId": "67459c2037061e0007c92ab0",
      "price": "0.7001",
      "sequence": "5704949815982081",
      "side": "buy",
      "size": "1",
      "symbol": "HSK-USDT",
      "takerOrderId": "67459c20088f0100072d21a6",
      "time": "1732615200759000000",
      "tradeId": "5704949815982081",
      "type": "match",
      "time_received": "10:00:00.8137"
    },
    {
      "makerOrderId": "67459c2037061e0007c92ab0",
      "price": "0.7001",
      "sequence": "5704949816899585",
      "side": "buy",
      "size": "1",
      "symbol": "HSK-USDT",
      "takerOrderId": "67459c20c5ba7400070d66b1",
      "time": "1732615200761000000",
      "tradeId": "5704949816899585",
      "type": "match",
      "time_received": "10:00:00.8137"
    },
    {
      "makerOrderId": "67459c2037061e0007c92ab0",
      "price": "0.7001",
      "sequence": "5704949823584257",
      "side": "buy",
      "size": "1",
      "symbol": "HSK-USDT",
      "takerOrderId": "67459c20088f0100072d21d8",
      "time": "1732615200775000000",
      "tradeId": "5704949823584257",
      "type": "match",
      "time_received": "10:00:00.8328"
    },
    {
      "makerOrderId": "67459c2037061e0007c92ab0",
      "price": "0.7001",
      "sequence": "5704949828827137",
      "side": "buy",
      "size": "1",
      "symbol": "HSK-USDT",
      "takerOrderId": "67459c20f1bf400007195be7",
      "time": "1732615200783000000",
      "tradeId": "5704949828827137",
      "type": "match",
      "time_received": "10:00:00.8328"
    },
    {
      "makerOrderId": "67459c2037061e0007c92ab0",
      "price": "0.7001",
      "sequence": "5704949835380737",
      "side": "buy",
      "size": "36.16",
      "symbol": "HSK-USDT",
      "takerOrderId": "67459c20c5ba7400070d6721",
      "time": "1732615200796000000",
      "tradeId": "5704949835380737",
      "type": "match",
      "time_received": "10:00:00.8479"
    },
    {
      "makerOrderId": "67459c2037061e0007c92ab0",
      "price": "0.7001",
      "sequence": "5704949843113985",
      "side": "buy",
      "size": "1",
      "symbol": "HSK-USDT",
      "takerOrderId": "67459c20088f0100072d2251",
      "time": "1732615200817000000",
      "tradeId": "5704949843113985",
      "type": "match",
      "time_received": "10:00:00.8655"
    },
    {
      "makerOrderId": "67459c2037061e0007c92ab0",
      "price": "0.7001",
      "sequence": "5704949846652929",
      "side": "buy",
      "size": "1",
      "symbol": "HSK-USDT",
      "takerOrderId": "67459c20f1bf400007195c6e",
      "time": "1732615200824000000",
      "tradeId": "5704949846652929",
      "type": "match",
      "time_received": "10:00:00.8678"
    },
    {
      "makerOrderId": "67459c2037061e0007c92ab0",
      "price": "0.7001",
      "sequence": "5704949849274369",
      "side": "buy",
      "size": "1",
      "symbol": "HSK-USDT",
      "takerOrderId": "67459c20c5ba7400070d679a",
      "time": "1732615200830000000",
      "tradeId": "5704949849274369",
      "type": "match",
      "time_received": "10:00:00.8731"
    },
    {
      "makerOrderId": "67459c2037061e0007c92ab0",
      "price": "0.7001",
      "sequence": "5704949850847233",
      "side": "buy",
      "size": "1",
      "symbol": "HSK-USDT",
      "takerOrderId": "67459c200d85530007a3ac1a",
      "time": "1732615200833000000",
      "tradeId": "5704949850847233",
      "type": "match",
      "time_received": "10:00:00.8792"
    },
    {
      "makerOrderId": "67459c2037061e0007c92ab0",
      "price": "0.7001",
      "sequence": "5704949851895809",
      "side": "buy",
      "size": "1",
      "symbol": "HSK-USDT",
      "takerOrderId": "67459c20f1bf400007195c9e",
      "time": "1732615200835000000",
      "tradeId": "5704949851895809",
      "type": "match",
      "time_received": "10:00:00.8795"
    },
    {
      "makerOrderId": "67459c2037061e0007c92ab0",
      "price": "0.7001",
      "sequence": "5704949855172609",
      "side": "buy",
      "size": "1",
      "symbol": "HSK-USDT",
      "takerOrderId": "67459c20f15b27000725504e",
      "time": "1732615200838000000",
      "tradeId": "5704949855172609",
      "type": "match",
      "time_received": "10:00:00.8887"
    },
    {
      "makerOrderId": "67459c2037061e0007c92ab0",
      "price": "0.7001",
      "sequence": "5704949859235841",
      "side": "buy",
      "size": "1",
      "symbol": "HSK-USDT",
      "takerOrderId": "67459c2037061e0007c93156",
      "time": "1732615200845000000",
      "tradeId": "5704949859235841",
      "type": "match",
      "time_received": "10:00:00.8930"
    },
    {
      "makerOrderId": "67459c2037061e0007c92ab0",
      "price": "0.7001",
      "sequence": "5704949865920513",
      "side": "buy",
      "size": "1",
      "symbol": "HSK-USDT",
      "takerOrderId": "67459c20c5ba7400070d6816",
      "time": "1732615200858000000",
      "tradeId": "5704949865920513",
      "type": "match",
      "time_received": "10:00:00.9104"
    },
    {
      "makerOrderId": "67459c2037061e0007c92ab0",
      "price": "0.7001",
      "sequence": "5704949867100161",
      "side": "buy",
      "size": "1",
      "symbol": "HSK-USDT",
      "takerOrderId": "67459c206967d30007888a8d",
      "time": "1732615200861000000",
      "tradeId": "5704949867100161",
      "type": "match",
      "time_received": "10:00:00.9105"
    },
    {
      "makerOrderId": "67459c2037061e0007c92ab0",
      "price": "0.7001",
      "sequence": "5704949871687681",
      "side": "buy",
      "size": "1",
      "symbol": "HSK-USDT",
      "takerOrderId": "67459c20088f0100072d232a",
      "time": "1732615200868000000",
      "tradeId": "5704949871687681",
      "type": "match",
      "time_received": "10:00:00.9169"
    },
    {
      "makerOrderId": "67459c2037061e0007c92ab0",
      "price": "0.7001",
      "sequence": "5704949896853505",
      "side": "buy",
      "size": "1",
      "symbol": "HSK-USDT",
      "takerOrderId": "67459c204fe74600077f85e9",
      "time": "1732615200879000000",
      "tradeId": "5704949896853505",
      "type": "match",
      "time_received": "10:00:00.9282"
    },
    {
      "makerOrderId": "67459c2037061e0007c92ab0",
      "price": "0.7001",
      "sequence": "5704949904455681",
      "side": "buy",
      "size": "1",
      "symbol": "HSK-USDT",
      "takerOrderId": "67459c20f4a7c500071f3117",
      "time": "1732615200887000000",
      "tradeId": "5704949904455681",
      "type": "match",
      "time_received": "10:00:00.9356"
    },
    {
      "makerOrderId": "67459c2037061e0007c92ab0",
      "price": "0.7001",
      "sequence": "5704949912713217",
      "side": "buy",
      "size": "1000",
      "symbol": "HSK-USDT",
      "takerOrderId": "67459c204fe74600077f85e3",
      "time": "1732615200899000000",
      "tradeId": "5704949912713217",
      "type": "match",
      "time_received": "10:00:00.9447"
    },
    {
      "makerOrderId": "67459c2037061e0007c92ab0",
      "price": "0.7001",
      "sequence": "5704949914679297",
      "side": "buy",
      "size": "1",
      "symbol": "HSK-USDT",
      "takerOrderId": "67459c20f1bf400007195d96",
      "time": "1732615200902000000",
      "tradeId": "5704949914679297",
      "type": "match",
      "time_received": "10:00:00.9507"
    },
    {
      "makerOrderId": "67459c2037061e0007c92ab0",
      "price": "0.7001",
      "sequence": "5704949923461121",
      "side": "buy",
      "size": "1",
      "symbol": "HSK-USDT",
      "takerOrderId": "67459c201586c10007236745",
      "time": "1732615200914000000",
      "tradeId": "5704949923461121",
      "type": "match",
      "time_received": "10:00:00.9631"
    },
    {
      "makerOrderId": "67459c2037061e0007c92ab0",
      "price": "0.7001",
      "sequence": "5704949932898305",
      "side": "buy",
      "size": "1",
      "symbol": "HSK-USDT",
      "takerOrderId": "67459c20d52cb80007826a73",
      "time": "1732615200924000000",
      "tradeId": "5704949932898305",
      "type": "match",
      "time_received": "10:00:00.9732"
    },
    {
      "makerOrderId": "67459c2037061e0007c92ab0",
      "price": "0.7001",
      "sequence": "5704949938534401",
      "side": "buy",
      "size": "1",
      "symbol": "HSK-USDT",
      "takerOrderId": "67459c20b7e21a0007e88b06",
      "time": "1732615200930000000",
      "tradeId": "5704949938534401",
      "type": "match",
      "time_received": "10:00:00.9796"
    },
    {
      "makerOrderId": "67459c2037061e0007c92ab0",
      "price": "0.7001",
      "sequence": "5704949944563713",
      "side": "buy",
      "size": "36.16",
      "symbol": "HSK-USDT",
      "takerOrderId": "67459c20df6f6e0007f8e6b2",
      "time": "1732615200945000000",
      "tradeId": "5704949944563713",
      "type": "match",
      "time_received": "10:00:00.9929"
    },
    {
      "makerOrderId": "67459c2037061e0007c92ab0",
      "price": "0.7001",
      "sequence": "5704949955704833",
      "side": "buy",
      "size": "1",
      "symbol": "HSK-USDT",
      "takerOrderId": "67459c20c5ba7400070d699c",
      "time": "1732615200960000000",
      "tradeId": "5704949955704833",
      "type": "match",
      "time_received": "10:00:01.0093"
    },
    {
      "makerOrderId": "67459c2037061e0007c92ab0",
      "price": "0.7001",
      "sequence": "5704949967632385",
      "side": "buy",
      "size": "1",
      "symbol": "HSK-USDT",
      "takerOrderId": "67459c201586c10007236850",
      "time": "1732615200979000000",
      "tradeId": "5704949967632385",
      "type": "match",
      "time_received": "10:00:01.0273"
    },
    {
      "makerOrderId": "67459c2037061e0007c92ab0",
      "price": "0.7001",
      "sequence": "5704949972744193",
      "side": "buy",
      "size": "1",
      "symbol": "HSK-USDT",
      "takerOrderId": "67459c20b7e21a0007e88bc9",
      "time": "1732615200985000000",
      "tradeId": "5704949972744193",
      "type": "match",
      "time_received": "10:00:01.0275"
    },
    {
      "makerOrderId": "67459c2037061e0007c92ab0",
      "price": "0.7001",
      "sequence": "5704949973399553",
      "side": "buy",
      "size": "1",
      "symbol": "HSK-USDT",
      "takerOrderId": "67459c200d85530007a3ae75",
      "time": "1732615200986000000",
      "tradeId": "5704949973399553",
      "type": "match",
      "time_received": "10:00:01.0336"
    },
    {
      "makerOrderId": "67459c2037061e0007c92ab0",
      "price": "0.7001",
      "sequence": "5704949978249217",
      "side": "buy",
      "size": "1",
      "symbol": "HSK-USDT",
      "takerOrderId": "67459c20088f0100072d2521",
      "time": "1732615200999000000",
      "tradeId": "5704949978249217",
      "type": "match",
      "time_received": "10:00:01.0502"
    },
    {
      "makerOrderId": "67459c2037061e0007c92ab0",
      "price": "0.7001",
      "sequence": "5704949979297793",
      "side": "buy",
      "size": "1",
      "symbol": "HSK-USDT",
      "takerOrderId": "67459c21b7e21a0007e88bff",
      "time": "1732615201006000000",
      "tradeId": "5704949979297793",
      "type": "match",
      "time_received": "10:00:01.0559"
    },
    {
      "makerOrderId": "67459c2037061e0007c92ab0",
      "price": "0.7001",
      "sequence": "5704949982705665",
      "side": "buy",
      "size": "1",
      "symbol": "HSK-USDT",
      "takerOrderId": "67459c21f15b2700072552d8",
      "time": "1732615201011000000",
      "tradeId": "5704949982705665",
      "type": "match",
      "time_received": "10:00:01.0559"
    },
    {
      "makerOrderId": "67459c2037061e0007c92ab0",
      "price": "0.7001",
      "sequence": "5704949985720321",
      "side": "buy",
      "size": "1",
      "symbol": "HSK-USDT",
      "takerOrderId": "67459c21f1bf400007195f4b",
      "time": "1732615201018000000",
      "tradeId": "5704949985720321",
      "type": "match",
      "time_received": "10:00:01.0662"
    },
    {
      "makerOrderId": "67459c2037061e0007c92ab0",
      "price": "0.7001",
      "sequence": "5704949985851393",
      "side": "buy",
      "size": "1",
      "symbol": "HSK-USDT",
      "takerOrderId": "67459c21f4a7c500071f3310",
      "time": "1732615201018000000",
      "tradeId": "5704949985851393",
      "type": "match",
      "time_received": "10:00:01.0663"
    },
    {
      "makerOrderId": "67459c2037061e0007c92ab0",
      "price": "0.7001",
      "sequence": "5704950003283969",
      "side": "buy",
      "size": "1",
      "symbol": "HSK-USDT",
      "takerOrderId": "67459c2137061e0007c9346c",
      "time": "1732615201055000000",
      "tradeId": "5704950003283969",
      "type": "match",
      "time_received": "10:00:01.1030"
    },
    {
      "makerOrderId": "67459c2037061e0007c92ab0",
      "price": "0.7001",
      "sequence": "5704950012196865",
      "side": "buy",
      "size": "1",
      "symbol": "HSK-USDT",
      "takerOrderId": "67459c21d52cb80007826d07",
      "time": "1732615201078000000",
      "tradeId": "5704950012196865",
      "type": "match",
      "time_received": "10:00:01.1285"
    },
    {
      "makerOrderId": "67459c2037061e0007c92ab0",
      "price": "0.7001",
      "sequence": "5704950021240833",
      "side": "buy",
      "size": "1",
      "symbol": "HSK-USDT",
      "takerOrderId": "67459c216967d30007888dcd",
      "time": "1732615201091000000",
      "tradeId": "5704950021240833",
      "type": "match",
      "time_received": "10:00:01.1390"
    },
    {
      "makerOrderId": "67459c2037061e0007c92ab0",
      "price": "0.7001",
      "sequence": "5704950030284801",
      "side": "buy",
      "size": "1",
      "symbol": "HSK-USDT",
      "takerOrderId": "67459c21df6f6e0007f8e898",
      "time": "1732615201109000000",
      "tradeId": "5704950030284801",
      "type": "match",
      "time_received": "10:00:01.1589"
    },
    {
      "makerOrderId": "67459c2037061e0007c92ab0",
      "price": "0.7001",
      "sequence": "5704950046013443",
      "side": "buy",
      "size": "1",
      "symbol": "HSK-USDT",
      "takerOrderId": "67459c214fe74600077f8941",
      "time": "1732615201136000000",
      "tradeId": "5704950046013443",
      "type": "match",
      "time_received": "10:00:01.1853"
    },
    {
      "makerOrderId": "67459c2037061e0007c92ab0",
      "price": "0.7001",
      "sequence": "5704950057940993",
      "side": "buy",
      "size": "1",
      "symbol": "HSK-USDT",
      "takerOrderId": "67459c216967d30007888e78",
      "time": "1732615201155000000",
      "tradeId": "5704950057940993",
      "type": "match",
      "time_received": "10:00:01.2009"
    },
    {
      "makerOrderId": "67459c2037061e0007c92ab0",
      "price": "0.7001",
      "sequence": "5704950062397441",
      "side": "buy",
      "size": "1",
      "symbol": "HSK-USDT",
      "takerOrderId": "67459c214fe74600077f8986",
      "time": "1732615201162000000",
      "tradeId": "5704950062397441",
      "type": "match",
      "time_received": "10:00:01.2034"
    },
    {
      "makerOrderId": "67459c2037061e0007c92ab0",
      "price": "0.7001",
      "sequence": "5704950063970305",
      "side": "buy",
      "size": "1",
      "symbol": "HSK-USDT",
      "takerOrderId": "67459c21f4f12000073d658c",
      "time": "1732615201165000000",
      "tradeId": "5704950063970305",
      "type": "match",
      "time_received": "10:00:01.2144"
    },
    {
      "makerOrderId": "67459c2037061e0007c92ab0",
      "price": "0.7001",
      "sequence": "5704950064101377",
      "side": "buy",
      "size": "1",
      "symbol": "HSK-USDT",
      "takerOrderId": "67459c2168486d00070ebef1",
      "time": "1732615201165000000",
      "tradeId": "5704950064101377",
      "type": "match",
      "time_received": "10:00:01.2145"
    },
    {
      "makerOrderId": "67459c2037061e0007c92ab0",
      "price": "0.7001",
      "sequence": "5704950066460673",
      "side": "buy",
      "size": "1",
      "symbol": "HSK-USDT",
      "takerOrderId": "67459c21df6f6e0007f8e934",
      "time": "1732615201168000000",
      "tradeId": "5704950066460673",
      "type": "match",
      "time_received": "10:00:01.2146"
    },
    {
      "makerOrderId": "67459c2037061e0007c92ab0",
      "price": "0.7001",
      "sequence": "5704950076684289",
      "side": "buy",
      "size": "1",
      "symbol": "HSK-USDT",
      "takerOrderId": "67459c2168486d00070ebf37",
      "time": "1732615201190000000",
      "tradeId": "5704950076684289",
      "type": "match",
      "time_received": "10:00:01.2340"
    },
    {
      "makerOrderId": "67459c2037061e0007c92ab0",
      "price": "0.7001",
      "sequence": "5704950077208577",
      "side": "buy",
      "size": "1",
      "symbol": "HSK-USDT",
      "takerOrderId": "67459c21f4f12000073d65cf",
      "time": "1732615201192000000",
      "tradeId": "5704950077208577",
      "type": "match",
      "time_received": "10:00:01.2405"
    },
    {
      "makerOrderId": "67459c2037061e0007c92ab0",
      "price": "0.7001",
      "sequence": "5704950085728257",
      "side": "buy",
      "size": "1",
      "symbol": "HSK-USDT",
      "takerOrderId": "67459c21d52cb80007826e3f",
      "time": "1732615201208000000",
      "tradeId": "5704950085728257",
      "type": "match",
      "time_received": "10:00:01.2541"
    },
    {
      "makerOrderId": "67459c2037061e0007c92ab0",
      "price": "0.7001",
      "sequence": "5704950089529345",
      "side": "buy",
      "size": "1",
      "symbol": "HSK-USDT",
      "takerOrderId": "67459c21f15b2700072554f4",
      "time": "1732615201214000000",
      "tradeId": "5704950089529345",
      "type": "match",
      "time_received": "10:00:01.2619"
    },
    {
      "makerOrderId": "67459c2037061e0007c92ab0",
      "price": "0.7001",
      "sequence": "5704950090708993",
      "side": "buy",
      "size": "1",
      "symbol": "HSK-USDT",
      "takerOrderId": "67459c216967d30007888f1d",
      "time": "1732615201216000000",
      "tradeId": "5704950090708993",
      "type": "match",
      "time_received": "10:00:01.2620"
    },
    {
      "makerOrderId": "67459c2037061e0007c92ab0",
      "price": "0.7001",
      "sequence": "5704950101850113",
      "side": "buy",
      "size": "1",
      "symbol": "HSK-USDT",
      "takerOrderId": "67459c21c5ba7400070d6c9e",
      "time": "1732615201236000000",
      "tradeId": "5704950101850113",
      "type": "match",
      "time_received": "10:00:01.3238"
    },
    {
      "makerOrderId": "67459c2037061e0007c92ab0",
      "price": "0.7001",
      "sequence": "5704950105782273",
      "side": "buy",
      "size": "1",
      "symbol": "HSK-USDT",
      "takerOrderId": "67459c21f4a7c500071f3555",
      "time": "1732615201241000000",
      "tradeId": "5704950105782273",
      "type": "match",
      "time_received": "10:00:01.3342"
    },
    {
      "makerOrderId": "67459c2037061e0007c92ab0",
      "price": "0.7001",
      "sequence": "5704950107879425",
      "side": "buy",
      "size": "1",
      "symbol": "HSK-USDT",
      "takerOrderId": "67459c21f4f12000073d665e",
      "time": "1732615201245000000",
      "tradeId": "5704950107879425",
      "type": "match",
      "time_received": "10:00:01.3343"
    },
    {
      "makerOrderId": "67459c2037061e0007c92ab0",
      "price": "0.7001",
      "sequence": "5704950109845505",
      "side": "buy",
      "size": "1",
      "symbol": "HSK-USDT",
      "takerOrderId": "67459c210d85530007a3b12c",
      "time": "1732615201248000000",
      "tradeId": "5704950109845505",
      "type": "match",
      "time_received": "10:00:01.3344"
    },
    {
      "makerOrderId": "67459c2037061e0007c92ab0",
      "price": "0.7001",
      "sequence": "5704950114433025",
      "side": "buy",
      "size": "1",
      "symbol": "HSK-USDT",
      "takerOrderId": "67459c21c65bf70007b7b203",
      "time": "1732615201258000000",
      "tradeId": "5704950114433025",
      "type": "match",
      "time_received": "10:00:01.3344"
    },
    {
      "makerOrderId": "67459c2037061e0007c92ab0",
      "price": "0.7001",
      "sequence": "5704950131865601",
      "side": "buy",
      "size": "1",
      "symbol": "HSK-USDT",
      "takerOrderId": "67459c2167cdc90007d09b6c",
      "time": "1732615201290000000",
      "tradeId": "5704950131865601",
      "type": "match",
      "time_received": "10:00:01.3607"
    },
    {
      "makerOrderId": "67459c2037061e0007c92ab0",
      "price": "0.7001",
      "sequence": "5704950164633601",
      "side": "buy",
      "size": "1",
      "symbol": "HSK-USDT",
      "takerOrderId": "67459c21f1bf40000719625f",
      "time": "1732615201341000000",
      "tradeId": "5704950164633601",
      "type": "match",
      "time_received": "10:00:01.3844"
    },
    {
      "makerOrderId": "67459c2037061e0007c92ab0",
      "price": "0.7001",
      "sequence": "5704950174726147",
      "side": "buy",
      "size": "1",
      "symbol": "HSK-USDT",
      "takerOrderId": "67459c21b7e21a0007e88f45",
      "time": "1732615201365000000",
      "tradeId": "5704950174726147",
      "type": "match",
      "time_received": "10:00:01.4929"
    },
    {
      "makerOrderId": "67459c2037061e0007c92ab0",
      "price": "0.7001",
      "sequence": "5704950175512577",
      "side": "buy",
      "size": "1",
      "symbol": "HSK-USDT",
      "takerOrderId": "67459c21d52cb80007826f7a",
      "time": "1732615201366000000",
      "tradeId": "5704950175512577",
      "type": "match",
      "time_received": "10:00:01.4933"
    },
    {
      "makerOrderId": "67459c2037061e0007c92ab0",
      "price": "0.7001",
      "sequence": "5704950175774721",
      "side": "buy",
      "size": "1",
      "symbol": "HSK-USDT",
      "takerOrderId": "67459c21088f0100072d28a8",
      "time": "1732615201366000000",
      "tradeId": "5704950175774721",
      "type": "match",
      "time_received": "10:00:01.4934"
    },
    {
      "makerOrderId": "67459c210d85530007a3b20d",
      "price": "0.6825",
      "sequence": "5704950178134017",
      "side": "buy",
      "size": "1",
      "symbol": "HSK-USDT",
      "takerOrderId": "67459c214fe74600077f8b51",
      "time": "1732615201374000000",
      "tradeId": "5704950178134017",
      "type": "match",
      "time_received": "10:00:01.5024"
    },
    {
      "makerOrderId": "67459c210d85530007a3b20d",
      "price": "0.6825",
      "sequence": "5704950179837953",
      "side": "buy",
      "size": "1",
      "symbol": "HSK-USDT",
      "takerOrderId": "67459c210d85530007a3b21f",
      "time": "1732615201381000000",
      "tradeId": "5704950179837953",
      "type": "match",
      "time_received": "10:00:01.5095"
    },
    {
      "makerOrderId": "67459c210d85530007a3b20d",
      "price": "0.6825",
      "sequence": "5704950181410817",
      "side": "buy",
      "size": "1",
      "symbol": "HSK-USDT",
      "takerOrderId": "67459c216967d3000788906d",
      "time": "1732615201386000000",
      "tradeId": "5704950181410817",
      "type": "match",
      "time_received": "10:00:01.5097"
    },
    {
      "makerOrderId": "67459c210d85530007a3b20d",
      "price": "0.6825",
      "sequence": "5704950181541889",
      "side": "buy",
      "size": "1",
      "symbol": "HSK-USDT",
      "takerOrderId": "67459c21f4f12000073d6764",
      "time": "1732615201386000000",
      "tradeId": "5704950181541889",
      "type": "match",
      "time_received": "10:00:01.5098"
    },
    {
      "makerOrderId": "67459c210d85530007a3b20d",
      "price": "0.6825",
      "sequence": "5704950181804033",
      "side": "buy",
      "size": "14.29",
      "symbol": "HSK-USDT",
      "takerOrderId": "67459c2168486d00070ec099",
      "time": "1732615201386000000",
      "tradeId": "5704950181804033",
      "type": "match",
      "time_received": "10:00:01.5099"
    },
    {
      "makerOrderId": "67459c210d85530007a3b20d",
      "price": "0.6825",
      "sequence": "5704950183245825",
      "side": "buy",
      "size": "1",
      "symbol": "HSK-USDT",
      "takerOrderId": "67459c21c65bf70007b7b2e5",
      "time": "1732615201388000000",
      "tradeId": "5704950183245825",
      "type": "match",
      "time_received": "10:00:01.5099"
    },
    {
      "makerOrderId": "67459c2037061e0007c92ab0",
      "price": "0.7001",
      "sequence": "5704950184949761",
      "side": "buy",
      "size": "1",
      "symbol": "HSK-USDT",
      "takerOrderId": "67459c21d52cb80007826fb3",
      "time": "1732615201392000000",
      "tradeId": "5704950184949761",
      "type": "match",
      "time_received": "10:00:01.5100"
    },
    {
      "makerOrderId": "67459c2037061e0007c92ab0",
      "price": "0.7001",
      "sequence": "5704950185867265",
      "side": "buy",
      "size": "1",
      "symbol": "HSK-USDT",
      "takerOrderId": "67459c211586c10007236c31",
      "time": "1732615201395000000",
      "tradeId": "5704950185867265",
      "type": "match",
      "time_received": "10:00:01.5100"
    },
    {
      "makerOrderId": "67459c2037061e0007c92ab0",
      "price": "0.7001",
      "sequence": "5704950189406211",
      "side": "buy",
      "size": "1",
      "symbol": "HSK-USDT",
      "takerOrderId": "67459c210d85530007a3b24b",
      "time": "1732615201404000000",
      "tradeId": "5704950189406211",
      "type": "match",
      "time_received": "10:00:01.5100"
    },
    {
      "makerOrderId": "67459c2037061e0007c92ab0",
      "price": "0.7001",
      "sequence": "5704950197270529",
      "side": "buy",
      "size": "1",
      "symbol": "HSK-USDT",
      "takerOrderId": "67459c2167cdc90007d09c76",
      "time": "1732615201417000000",
      "tradeId": "5704950197270529",
      "type": "match",
      "time_received": "10:00:01.5101"
    },
    {
      "makerOrderId": "67459c2037061e0007c92ab0",
      "price": "0.7001",
      "sequence": "5704950199891969",
      "side": "buy",
      "size": "1",
      "symbol": "HSK-USDT",
      "takerOrderId": "67459c21ae93cc00074d8c91",
      "time": "1732615201424000000",
      "tradeId": "5704950199891969",
      "type": "match",
      "time_received": "10:00:01.5101"
    },
    {
      "makerOrderId": "67459c2037061e0007c92ab0",
      "price": "0.7001",
      "sequence": "5704950200940545",
      "side": "buy",
      "size": "1",
      "symbol": "HSK-USDT",
      "takerOrderId": "67459c21ae93cc00074d8c95",
      "time": "1732615201427000000",
      "tradeId": "5704950200940545",
      "type": "match",
      "time_received": "10:00:01.5101"
    },
    {
      "makerOrderId": "67459c2037061e0007c92ab0",
      "price": "0.7001",
      "sequence": "5704950204872705",
      "side": "buy",
      "size": "1",
      "symbol": "HSK-USDT",
      "takerOrderId": "67459c21b7e21a0007e88fc3",
      "time": "1732615201433000000",
      "tradeId": "5704950204872705",
      "type": "match",
      "time_received": "10:00:01.5102"
    },
    {
      "makerOrderId": "67459c2037061e0007c92ab0",
      "price": "0.7001",
      "sequence": "5704950208149507",
      "side": "buy",
      "size": "1",
      "symbol": "HSK-USDT",
      "takerOrderId": "67459c21cf286a0007c3b5be",
      "time": "1732615201442000000",
      "tradeId": "5704950208149507",
      "type": "match",
      "time_received": "10:00:01.5103"
    },
    {
      "makerOrderId": "67459c2037061e0007c92ab0",
      "price": "0.7001",
      "sequence": "5704950210377729",
      "side": "buy",
      "size": "1",
      "symbol": "HSK-USDT",
      "takerOrderId": "67459c21f4a7c500071f36f1",
      "time": "1732615201448000000",
      "tradeId": "5704950210377729",
      "type": "match",
      "time_received": "10:00:01.5103"
    },
    {
      "makerOrderId": "67459c21df6f6e0007f8eb4e",
      "price": "0.6825",
      "sequence": "5704950215096321",
      "side": "buy",
      "size": "1",
      "symbol": "HSK-USDT",
      "takerOrderId": "67459c2137061e0007c937b3",
      "time": "1732615201460000000",
      "tradeId": "5704950215096321",
      "type": "match",
      "time_received": "10:00:01.5104"
    },
    {
      "makerOrderId": "67459c2068486d00070ebcf3",
      "price": "0.6824",
      "sequence": "5704950237247495",
      "side": "sell",
      "size": "1",
      "symbol": "HSK-USDT",
      "takerOrderId": "67459c2167cdc90007d09d36",
      "time": "1732615201559000000",
      "tradeId": "5704950237247495",
      "type": "match",
      "time_received": "10:00:01.6064"
    },
    {
      "makerOrderId": "67459c2167cdc90007d09d36",
      "price": "0.6824",
      "sequence": "5704950268311553",
      "side": "buy",
      "size": "1",
      "symbol": "HSK-USDT",
      "takerOrderId": "67459c21b7e21a0007e89035",
      "time": "1732615201615000000",
      "tradeId": "5704950268311553",
      "type": "match",
      "time_received": "10:00:01.8477"
    },
    {
      "makerOrderId": "67459c2167cdc90007d09d36",
      "price": "0.6824",
      "sequence": "5704950268573697",
      "side": "buy",
      "size": "1",
      "symbol": "HSK-USDT",
      "takerOrderId": "67459c21df6f6e0007f8ebc4",
      "time": "1732615201615000000",
      "tradeId": "5704950268573697",
      "type": "match",
      "time_received": "10:00:01.8479"
    },
    {
      "makerOrderId": "67459c2167cdc90007d09d36",
      "price": "0.6824",
      "sequence": "5704950268704769",
      "side": "buy",
      "size": "1",
      "symbol": "HSK-USDT",
      "takerOrderId": "67459c21f15b270007255725",
      "time": "1732615201615000000",
      "tradeId": "5704950268704769",
      "type": "match",
      "time_received": "10:00:01.8479"
    },
    {
      "makerOrderId": "67459c2167cdc90007d09d36",
      "price": "0.6824",
      "sequence": "5704950268835841",
      "side": "buy",
      "size": "125.2",
      "symbol": "HSK-USDT",
      "takerOrderId": "67459c2131d0950007afd468",
      "time": "1732615201615000000",
      "tradeId": "5704950268835841",
      "type": "match",
      "time_received": "10:00:01.8480"
    },
    {
      "makerOrderId": "67459c2167cdc90007d09d36",
      "price": "0.6824",
      "sequence": "5704950285350917",
      "side": "buy",
      "size": "1",
      "symbol": "HSK-USDT",
      "takerOrderId": "67459c21f4f12000073d6883",
      "time": "1732615201646000000",
      "tradeId": "5704950285350917",
      "type": "match",
      "time_received": "10:00:01.8480"
    },
    {
      "makerOrderId": "67459c2167cdc90007d09d36",
      "price": "0.6824",
      "sequence": "5704950285481985",
      "side": "buy",
      "size": "1",
      "symbol": "HSK-USDT",
      "takerOrderId": "67459c21b7e21a0007e89185",
      "time": "1732615201646000000",
      "tradeId": "5704950285481985",
      "type": "match",
      "time_received": "10:00:01.8481"
    },
    {
      "makerOrderId": "67459c2167cdc90007d09d36",
      "price": "0.6824",
      "sequence": "5704950285875201",
      "side": "buy",
      "size": "1",
      "symbol": "HSK-USDT",
      "takerOrderId": "67459c2137061e0007c93958",
      "time": "1732615201646000000",
      "tradeId": "5704950285875201",
      "type": "match",
      "time_received": "10:00:01.8481"
    },
    {
      "makerOrderId": "67459c2167cdc90007d09d36",
      "price": "0.6824",
      "sequence": "5704950286006273",
      "side": "buy",
      "size": "1",
      "symbol": "HSK-USDT",
      "takerOrderId": "67459c2131d0950007afd5af",
      "time": "1732615201646000000",
      "tradeId": "5704950286006273",
      "type": "match",
      "time_received": "10:00:01.8482"
    },
    {
      "makerOrderId": "67459c2167cdc90007d09d36",
      "price": "0.6824",
      "sequence": "5704950286137345",
      "side": "buy",
      "size": "1",
      "symbol": "HSK-USDT",
      "takerOrderId": "67459c210d85530007a3b45e",
      "time": "1732615201646000000",
      "tradeId": "5704950286137345",
      "type": "match",
      "time_received": "10:00:01.8482"
    },
    {
      "makerOrderId": "67459c2168486d00070ec2fe",
      "price": "0.6676",
      "sequence": "5704950286530561",
      "side": "sell",
      "size": "1",
      "symbol": "HSK-USDT",
      "takerOrderId": "67459c21d52cb8000782721a",
      "time": "1732615201646000000",
      "tradeId": "5704950286530561",
      "type": "match",
      "time_received": "10:00:01.8483"
    },
    {
      "makerOrderId": "67459c2167cdc90007d09d36",
      "price": "0.6824",
      "sequence": "5704950289020929",
      "side": "buy",
      "size": "1",
      "symbol": "HSK-USDT",
      "takerOrderId": "67459c211586c10007236ea8",
      "time": "1732615201648000000",
      "tradeId": "5704950289020929",
      "type": "match",
      "time_received": "10:00:01.8484"
    },
    {
      "makerOrderId": "67459c2167cdc90007d09d36",
      "price": "0.6824",
      "sequence": "5704950289152001",
      "side": "buy",
      "size": "1",
      "symbol": "HSK-USDT",
      "takerOrderId": "67459c21df6f6e0007f8ed62",
      "time": "1732615201648000000",
      "tradeId": "5704950289152001",
      "type": "match",
      "time_received": "10:00:01.8484"
    },
    {
      "makerOrderId": "67459c2167cdc90007d09d36",
      "price": "0.6824",
      "sequence": "5704950296229889",
      "side": "buy",
      "size": "1",
      "symbol": "HSK-USDT",
      "takerOrderId": "67459c21b7e21a0007e891e7",
      "time": "1732615201652000000",
      "tradeId": "5704950296229889",
      "type": "match",
      "time_received": "10:00:01.8484"
    },
    {
      "makerOrderId": "67459c2167cdc90007d09d36",
      "price": "0.6824",
      "sequence": "5704950296360961",
      "side": "buy",
      "size": "1",
      "symbol": "HSK-USDT",
      "takerOrderId": "67459c21b7e21a0007e891ea",
      "time": "1732615201652000000",
      "tradeId": "5704950296360961",
      "type": "match",
      "time_received": "10:00:01.8485"
    },
    {
      "makerOrderId": "67459c2167cdc90007d09d36",
      "price": "0.6824",
      "sequence": "5704950296754177",
      "side": "buy",
      "size": "1",
      "symbol": "HSK-USDT",
      "takerOrderId": "67459c2137061e0007c939b5",
      "time": "1732615201652000000",
      "tradeId": "5704950296754177",
      "type": "match",
      "time_received": "10:00:01.8485"
    },
    {
      "makerOrderId": "67459c2167cdc90007d09d36",
      "price": "0.6824",
      "sequence": "5704950298720257",
      "side": "buy",
      "size": "1",
      "symbol": "HSK-USDT",
      "takerOrderId": "67459c21f1bf40000719653a",
      "time": "1732615201653000000",
      "tradeId": "5704950298720257",
      "type": "match",
      "time_received": "10:00:01.8486"
    },
    {
      "makerOrderId": "67459c2167cdc90007d09d36",
      "price": "0.6824",
      "sequence": "5704950303569921",
      "side": "buy",
      "size": "1",
      "symbol": "HSK-USDT",
      "takerOrderId": "67459c21df6f6e0007f8ed7b",
      "time": "1732615201656000000",
      "tradeId": "5704950303569921",
      "type": "match",
      "time_received": "10:00:01.8486"
    },
    {
      "makerOrderId": "67459c2137061e0007c939d5",
      "price": "0.6642",
      "sequence": "5704950311303169",
      "side": "buy",
      "size": "1",
      "symbol": "HSK-USDT",
      "takerOrderId": "67459c21df6f6e0007f8edaf",
      "time": "1732615201663000000",
      "tradeId": "5704950311303169",
      "type": "match",
      "time_received": "10:00:01.8487"
    },
    {
      "makerOrderId": "67459c2137061e0007c939d5",
      "price": "0.6642",
      "sequence": "5704950315235329",
      "side": "buy",
      "size": "1",
      "symbol": "HSK-USDT",
      "takerOrderId": "67459c21f15b270007255913",
      "time": "1732615201666000000",
      "tradeId": "5704950315235329",
      "type": "match",
      "time_received": "10:00:01.8487"
    },
    {
      "makerOrderId": "67459c2137061e0007c939d5",
      "price": "0.6642",
      "sequence": "5704950318249987",
      "side": "buy",
      "size": "119.3",
      "symbol": "HSK-USDT",
      "takerOrderId": "67459c211586c10007236edc",
      "time": "1732615201671000000",
      "tradeId": "5704950318249987",
      "type": "match",
      "time_received": "10:00:01.8488"
    },
    {
      "makerOrderId": "67459c2137061e0007c939d5",
      "price": "0.6642",
      "sequence": "5704950322182145",
      "side": "buy",
      "size": "1",
      "symbol": "HSK-USDT",
      "takerOrderId": "67459c2137061e0007c93a11",
      "time": "1732615201675000000",
      "tradeId": "5704950322182145",
      "type": "match",
      "time_received": "10:00:01.8488"
    },
    {
      "makerOrderId": "67459c2137061e0007c939d5",
      "price": "0.6642",
      "sequence": "5704950322313217",
      "side": "buy",
      "size": "1",
      "symbol": "HSK-USDT",
      "takerOrderId": "67459c21f4a7c500071f3958",
      "time": "1732615201675000000",
      "tradeId": "5704950322313217",
      "type": "match",
      "time_received": "10:00:01.8489"
    },
    {
      "makerOrderId": "67459c2137061e0007c939d5",
      "price": "0.6642",
      "sequence": "5704950323755009",
      "side": "buy",
      "size": "1",
      "symbol": "HSK-USDT",
      "takerOrderId": "67459c214fe74600077f8e70",
      "time": "1732615201678000000",
      "tradeId": "5704950323755009",
      "type": "match",
      "time_received": "10:00:01.8489"
    },
    {
      "makerOrderId": "67459c2137061e0007c939d5",
      "price": "0.6642",
      "sequence": "5704950328342529",
      "side": "buy",
      "size": "1",
      "symbol": "HSK-USDT",
      "takerOrderId": "67459c2137061e0007c93a30",
      "time": "1732615201683000000",
      "tradeId": "5704950328342529",
      "type": "match",
      "time_received": "10:00:01.8490"
    },
    {
      "makerOrderId": "67459c2167cdc90007d09d36",
      "price": "0.6824",
      "sequence": "5704950332274689",
      "side": "buy",
      "size": "1",
      "symbol": "HSK-USDT",
      "takerOrderId": "67459c21088f0100072d2bff",
      "time": "1732615201687000000",
      "tradeId": "5704950332274689",
      "type": "match",
      "time_received": "10:00:01.8490"
    },
    {
      "makerOrderId": "67459c2167cdc90007d09d36",
      "price": "0.6824",
      "sequence": "5704950334896129",
      "side": "buy",
      "size": "1",
      "symbol": "HSK-USDT",
      "takerOrderId": "67459c216967d30007889394",
      "time": "1732615201691000000",
      "tradeId": "5704950334896129",
      "type": "match",
      "time_received": "10:00:01.8491"
    },
    {
      "makerOrderId": "67459c2167cdc90007d09d36",
      "price": "0.6824",
      "sequence": "5704950336206849",
      "side": "buy",
      "size": "1",
      "symbol": "HSK-USDT",
      "takerOrderId": "67459c210d85530007a3b547",
      "time": "1732615201692000000",
      "tradeId": "5704950336206849",
      "type": "match",
      "time_received": "10:00:01.8491"
    },
    {
      "makerOrderId": "67459c2167cdc90007d09d36",
      "price": "0.6824",
      "sequence": "5704950347347969",
      "side": "buy",
      "size": "1",
      "symbol": "HSK-USDT",
      "takerOrderId": "67459c21d52cb80007827317",
      "time": "1732615201715000000",
      "tradeId": "5704950347347969",
      "type": "match",
      "time_received": "10:00:01.8492"
    },
    {
      "makerOrderId": "67459c2167cdc90007d09d36",
      "price": "0.6824",
      "sequence": "5704950360324097",
      "side": "buy",
      "size": "1",
      "symbol": "HSK-USDT",
      "takerOrderId": "67459c21f4f12000073d6b40",
      "time": "1732615201742000000",
      "tradeId": "5704950360324097",
      "type": "match",
      "time_received": "10:00:01.8492"
    },
    {
      "makerOrderId": "67459c2167cdc90007d09d36",
      "price": "0.6824",
      "sequence": "5704950360455169",
      "side": "buy",
      "size": "1",
      "symbol": "HSK-USDT",
      "takerOrderId": "67459c214fe74600077f8f2f",
      "time": "1732615201742000000",
      "tradeId": "5704950360455169",
      "type": "match",
      "time_received": "10:00:01.8493"
    },
    {
      "makerOrderId": "67459c2167cdc90007d09d36",
      "price": "0.6824",
      "sequence": "5704950361765889",
      "side": "buy",
      "size": "1",
      "symbol": "HSK-USDT",
      "takerOrderId": "67459c2137061e0007c93adc",
      "time": "1732615201744000000",
      "tradeId": "5704950361765889",
      "type": "match",
      "time_received": "10:00:01.8493"
    },
    {
      "makerOrderId": "67459c21c5ba7400070d71a1",
      "price": "0.6642",
      "sequence": "5704950363863041",
      "side": "buy",
      "size": "1",
      "symbol": "HSK-USDT",
      "takerOrderId": "67459c211586c1000723700b",
      "time": "1732615201751000000",
      "tradeId": "5704950363863041",
      "type": "match",
      "time_received": "10:00:01.8494"
    },
    {
      "makerOrderId": "67459c21c5ba7400070d71a1",
      "price": "0.6642",
      "sequence": "5704950368712705",
      "side": "buy",
      "size": "1",
      "symbol": "HSK-USDT",
      "takerOrderId": "67459c21c65bf70007b7b6ed",
      "time": "1732615201765000000",
      "tradeId": "5704950368712705",
      "type": "match",
      "time_received": "10:00:01.8494"
    },
    {
      "makerOrderId": "67459c21c5ba7400070d71a1",
      "price": "0.6642",
      "sequence": "5704950371596289",
      "side": "buy",
      "size": "1",
      "symbol": "HSK-USDT",
      "takerOrderId": "67459c21df6f6e0007f8eeeb",
      "time": "1732615201772000000",
      "tradeId": "5704950371596289",
      "type": "match",
      "time_received": "10:00:01.9521"
    },
    {
      "makerOrderId": "67459c2167cdc90007d09d36",
      "price": "0.6824",
      "sequence": "5704950379198465",
      "side": "buy",
      "size": "1",
      "symbol": "HSK-USDT",
      "takerOrderId": "67459c21b7e21a0007e89382",
      "time": "1732615201793000000",
      "tradeId": "5704950379198465",
      "type": "match",
      "time_received": "10:00:02.0031"
    },
    {
      "makerOrderId": "67459c2167cdc90007d09d36",
      "price": "0.6824",
      "sequence": "5704950383130625",
      "side": "buy",
      "size": "1",
      "symbol": "HSK-USDT",
      "takerOrderId": "67459c21b7e21a0007e89395",
      "time": "1732615201801000000",
      "tradeId": "5704950383130625",
      "type": "match",
      "time_received": "10:00:02.0032"
    },
    {
      "makerOrderId": "67459c2167cdc90007d09d36",
      "price": "0.6824",
      "sequence": "5704950387456001",
      "side": "buy",
      "size": "1",
      "symbol": "HSK-USDT",
      "takerOrderId": "67459c21f4a7c500071f3aa6",
      "time": "1732615201817000000",
      "tradeId": "5704950387456001",
      "type": "match",
      "time_received": "10:00:02.0047"
    },
    {
      "makerOrderId": "67459c2167cdc90007d09d36",
      "price": "0.6824",
      "sequence": "5704950389553153",
      "side": "buy",
      "size": "1",
      "symbol": "HSK-USDT",
      "takerOrderId": "67459c21df6f6e0007f8ef4f",
      "time": "1732615201823000000",
      "tradeId": "5704950389553153",
      "type": "match",
      "time_received": "10:00:02.0048"
    },
    {
      "makerOrderId": "67459c2167cdc90007d09d36",
      "price": "0.6824",
      "sequence": "5704950390601729",
      "side": "buy",
      "size": "1",
      "symbol": "HSK-USDT",
      "takerOrderId": "67459c2168486d00070ec541",
      "time": "1732615201827000000",
      "tradeId": "5704950390601729",
      "type": "match",
      "time_received": "10:00:02.0048"
    },
    {
      "makerOrderId": "67459c21f15b270007255abc",
      "price": "0.6642",
      "sequence": "5704950394271745",
      "side": "buy",
      "size": "1",
      "symbol": "HSK-USDT",
      "takerOrderId": "67459c21df6f6e0007f8ef6f",
      "time": "1732615201842000000",
      "tradeId": "5704950394271745",
      "type": "match",
      "time_received": "10:00:02.0049"
    },
    {
      "makerOrderId": "67459c21f15b270007255abc",
      "price": "0.6642",
      "sequence": "5704950395582465",
      "side": "buy",
      "size": "1",
      "symbol": "HSK-USDT",
      "takerOrderId": "67459c21c65bf70007b7b778",
      "time": "1732615201846000000",
      "tradeId": "5704950395582465",
      "type": "match",
      "time_received": "10:00:02.0049"
    },
    {
      "makerOrderId": "67459c21f15b270007255abc",
      "price": "0.6642",
      "sequence": "5704950399907841",
      "side": "buy",
      "size": "1",
      "symbol": "HSK-USDT",
      "takerOrderId": "67459c2168486d00070ec575",
      "time": "1732615201857000000",
      "tradeId": "5704950399907841",
      "type": "match",
      "time_received": "10:00:02.0050"
    },
    {
      "makerOrderId": "67459c2167cdc90007d09d36",
      "price": "0.6824",
      "sequence": "5704950401087489",
      "side": "buy",
      "size": "1",
      "symbol": "HSK-USDT",
      "takerOrderId": "67459c2137061e0007c93bb3",
      "time": "1732615201861000000",
      "tradeId": "5704950401087489",
      "type": "match",
      "time_received": "10:00:02.0050"
    },
    {
      "makerOrderId": "67459c2167cdc90007d09d36",
      "price": "0.6824",
      "sequence": "5704950426777601",
      "side": "buy",
      "size": "1",
      "symbol": "HSK-USDT",
      "takerOrderId": "67459c21ae93cc00074d9110",
      "time": "1732615201880000000",
      "tradeId": "5704950426777601",
      "type": "match",
      "time_received": "10:00:02.0051"
    },
    {
      "makerOrderId": "67459c2167cdc90007d09d36",
      "price": "0.6824",
      "sequence": "5704950433724417",
      "side": "buy",
      "size": "74.8",
      "symbol": "HSK-USDT",
      "takerOrderId": "67459c214fe74600077f9048",
      "time": "1732615201886000000",
      "tradeId": "5704950433724417",
      "type": "match",
      "time_received": "10:00:02.0051"
    },
    {
      "makerOrderId": "67459c2167cdc90007d09d36",
      "price": "0.6824",
      "sequence": "5704950437263361",
      "side": "buy",
      "size": "1",
      "symbol": "HSK-USDT",
      "takerOrderId": "67459c214fe74600077f9063",
      "time": "1732615201894000000",
      "tradeId": "5704950437263361",
      "type": "match",
      "time_received": "10:00:02.0052"
    },
    {
      "makerOrderId": "67459c2167cdc90007d09d36",
      "price": "0.6824",
      "sequence": "5704950446962689",
      "side": "buy",
      "size": "1",
      "symbol": "HSK-USDT",
      "takerOrderId": "67459c210d85530007a3b744",
      "time": "1732615201915000000",
      "tradeId": "5704950446962689",
      "type": "match",
      "time_received": "10:00:02.0052"
    },
    {
      "makerOrderId": "67459c2167cdc90007d09d36",
      "price": "0.6824",
      "sequence": "5704950448011265",
      "side": "buy",
      "size": "1",
      "symbol": "HSK-USDT",
      "takerOrderId": "67459c21cf286a0007c3ba81",
      "time": "1732615201916000000",
      "tradeId": "5704950448011265",
      "type": "match",
      "time_received": "10:00:02.0053"
    },
    {
      "makerOrderId": "67459c2167cdc90007d09d36",
      "price": "0.6824",
      "sequence": "5704950450108417",
      "side": "buy",
      "size": "1",
      "symbol": "HSK-USDT",
      "takerOrderId": "67459c210d85530007a3b758",
      "time": "1732615201920000000",
      "tradeId": "5704950450108417",
      "type": "match",
      "time_received": "10:00:02.0053"
    },
    {
      "makerOrderId": "67459c21df6f6e0007f8f051",
      "price": "0.6641",
      "sequence": "5704950485235713",
      "side": "buy",
      "size": "1",
      "symbol": "HSK-USDT",
      "takerOrderId": "67459c2131d0950007afd927",
      "time": "1732615201998000000",
      "tradeId": "5704950485235713",
      "type": "match",
      "time_received": "10:00:02.1635"
    },
    {
      "makerOrderId": "67459c22cf286a0007c3bb3b",
      "price": "0.6642",
      "sequence": "5704950492313601",
      "side": "buy",
      "size": "1",
      "symbol": "HSK-USDT",
      "takerOrderId": "67459c22df6f6e0007f8f0c7",
      "time": "1732615202017000000",
      "tradeId": "5704950492313601",
      "type": "match",
      "time_received": "10:00:02.1636"
    },
    {
      "makerOrderId": "67459c22cf286a0007c3bb3b",
      "price": "0.6642",
      "sequence": "5704950497294337",
      "side": "buy",
      "size": "1",
      "symbol": "HSK-USDT",
      "takerOrderId": "67459c22f15b270007255c4d",
      "time": "1732615202027000000",
      "tradeId": "5704950497294337",
      "type": "match",
      "time_received": "10:00:02.1637"
    },
    {
      "makerOrderId": "67459c22cf286a0007c3bb3b",
      "price": "0.6642",
      "sequence": "5704950507911169",
      "side": "buy",
      "size": "1",
      "symbol": "HSK-USDT",
      "takerOrderId": "67459c2267cdc90007d0a25d",
      "time": "1732615202038000000",
      "tradeId": "5704950507911169",
      "type": "match",
      "time_received": "10:00:02.1637"
    },
    {
      "makerOrderId": "67459c22cf286a0007c3bb3b",
      "price": "0.6642",
      "sequence": "5704950514333697",
      "side": "buy",
      "size": "1",
      "symbol": "HSK-USDT",
      "takerOrderId": "67459c2267cdc90007d0a279",
      "time": "1732615202045000000",
      "tradeId": "5704950514333697",
      "type": "match",
      "time_received": "10:00:02.1637"
    },
    {
      "makerOrderId": "67459c2167cdc90007d09d36",
      "price": "0.6824",
      "sequence": "5704950517479425",
      "side": "buy",
      "size": "1",
      "symbol": "HSK-USDT",
      "takerOrderId": "67459c226967d300078896a2",
      "time": "1732615202049000000",
      "tradeId": "5704950517479425",
      "type": "match",
      "time_received": "10:00:02.1638"
    },
    {
      "makerOrderId": "67459c2167cdc90007d09d36",
      "price": "0.6824",
      "sequence": "5704950520100865",
      "side": "buy",
      "size": "1",
      "symbol": "HSK-USDT",
      "takerOrderId": "67459c226967d300078896aa",
      "time": "1732615202051000000",
      "tradeId": "5704950520100865",
      "type": "match",
      "time_received": "10:00:02.1638"
    },
    {
      "makerOrderId": "67459c2167cdc90007d09d36",
      "price": "0.6824",
      "sequence": "5704950538844161",
      "side": "buy",
      "size": "1",
      "symbol": "HSK-USDT",
      "takerOrderId": "67459c2268486d00070ec78e",
      "time": "1732615202070000000",
      "tradeId": "5704950538844161",
      "type": "match",
      "time_received": "10:00:02.1639"
    },
    {
      "makerOrderId": "67459c2167cdc90007d09d36",
      "price": "0.6824",
      "sequence": "5704950546577409",
      "side": "buy",
      "size": "1",
      "symbol": "HSK-USDT",
      "takerOrderId": "67459c224fe74600077f924b",
      "time": "1732615202080000000",
      "tradeId": "5704950546577409",
      "type": "match",
      "time_received": "10:00:02.1640"
    },
    {
      "makerOrderId": "67459c21088f0100072d2930",
      "price": "0.664",
      "sequence": "5704950557194241",
      "side": "sell",
      "size": "1",
      "symbol": "HSK-USDT",
      "takerOrderId": "67459c2267cdc90007d0a35a",
      "time": "1732615202089000000",
      "tradeId": "5704950557194241",
      "type": "match",
      "time_received": "10:00:02.1640"
    },
    {
      "makerOrderId": "67459c2167cdc90007d09d36",
      "price": "0.6824",
      "sequence": "5704950559291393",
      "side": "buy",
      "size": "1",
      "symbol": "HSK-USDT",
      "takerOrderId": "67459c22f15b270007255d45",
      "time": "1732615202091000000",
      "tradeId": "5704950559291393",
      "type": "match",
      "time_received": "10:00:02.1641"
    },
    {
      "makerOrderId": "67459c2167cdc90007d09d36",
      "price": "0.6824",
      "sequence": "5704950559684609",
      "side": "buy",
      "size": "1",
      "symbol": "HSK-USDT",
      "takerOrderId": "67459c22df6f6e0007f8f1ff",
      "time": "1732615202091000000",
      "tradeId": "5704950559684609",
      "type": "match",
      "time_received": "10:00:02.1641"
    },
    {
      "makerOrderId": "67459c2167cdc90007d09d36",
      "price": "0.6824",
      "sequence": "5704950559815681",
      "side": "buy",
      "size": "1",
      "symbol": "HSK-USDT",
      "takerOrderId": "67459c22b7e21a0007e89690",
      "time": "1732615202091000000",
      "tradeId": "5704950559815681",
      "type": "match",
      "time_received": "10:00:02.1641"
    },
    {
      "makerOrderId": "67459c2167cdc90007d09d36",
      "price": "0.6824",
      "sequence": "5704950572791809",
      "side": "buy",
      "size": "1",
      "symbol": "HSK-USDT",
      "takerOrderId": "67459c2267cdc90007d0a3a1",
      "time": "1732615202111000000",
      "tradeId": "5704950572791809",
      "type": "match",
      "time_received": "10:00:02.1642"
    },
    {
      "makerOrderId": "67459c2167cdc90007d09d36",
      "price": "0.6824",
      "sequence": "5704950577510403",
      "side": "buy",
      "size": "1",
      "symbol": "HSK-USDT",
      "takerOrderId": "67459c2237061e0007c93e96",
      "time": "1732615202115000000",
      "tradeId": "5704950577510403",
      "type": "match",
      "time_received": "10:00:02.1642"
    },
    {
      "makerOrderId": "67459c2167cdc90007d09d36",
      "price": "0.6824",
      "sequence": "5704950578690049",
      "side": "buy",
      "size": "1",
      "symbol": "HSK-USDT",
      "takerOrderId": "67459c22f15b270007255db5",
      "time": "1732615202118000000",
      "tradeId": "5704950578690049",
      "type": "match",
      "time_received": "10:00:02.1959"
    },
    {
      "makerOrderId": "67459c2167cdc90007d09d36",
      "price": "0.6824",
      "sequence": "5704950579738627",
      "side": "buy",
      "size": "1",
      "symbol": "HSK-USDT",
      "takerOrderId": "67459c22cf286a0007c3bcea",
      "time": "1732615202119000000",
      "tradeId": "5704950579738627",
      "type": "match",
      "time_received": "10:00:02.1960"
    },
    {
      "makerOrderId": "67459c2167cdc90007d09d36",
      "price": "0.6824",
      "sequence": "5704950582622209",
      "side": "buy",
      "size": "1",
      "symbol": "HSK-USDT",
      "takerOrderId": "67459c22f4a7c500071f3dc4",
      "time": "1732615202123000000",
      "tradeId": "5704950582622209",
      "type": "match",
      "time_received": "10:00:02.1961"
    },
    {
      "makerOrderId": "67459c2167cdc90007d09d36",
      "price": "0.6824",
      "sequence": "5704950608181249",
      "side": "buy",
      "size": "1",
      "symbol": "HSK-USDT",
      "takerOrderId": "67459c220d85530007a3ba0a",
      "time": "1732615202155000000",
      "tradeId": "5704950608181249",
      "type": "match",
      "time_received": "10:00:02.2956"
    },
    {
      "makerOrderId": "67459c2167cdc90007d09d36",
      "price": "0.6824",
      "sequence": "5704950610147329",
      "side": "buy",
      "size": "1",
      "symbol": "HSK-USDT",
      "takerOrderId": "67459c22ae93cc00074d9435",
      "time": "1732615202158000000",
      "tradeId": "5704950610147329",
      "type": "match",
      "time_received": "10:00:02.2958"
    },
    {
      "makerOrderId": "67459c2167cdc90007d09d36",
      "price": "0.6824",
      "sequence": "5704950611326977",
      "side": "buy",
      "size": "1",
      "symbol": "HSK-USDT",
      "takerOrderId": "67459c22c65bf70007b7baeb",
      "time": "1732615202161000000",
      "tradeId": "5704950611326977",
      "type": "match",
      "time_received": "10:00:02.2958"
    },
    {
      "makerOrderId": "67459c2167cdc90007d09d36",
      "price": "0.6824",
      "sequence": "5704950615914499",
      "side": "buy",
      "size": "1",
      "symbol": "HSK-USDT",
      "takerOrderId": "67459c22088f0100072d3106",
      "time": "1732615202171000000",
      "tradeId": "5704950615914499",
      "type": "match",
      "time_received": "10:00:02.2959"
    },
    {
      "makerOrderId": "67459c2167cdc90007d09d36",
      "price": "0.6824",
      "sequence": "5704950617225219",
      "side": "buy",
      "size": "1",
      "symbol": "HSK-USDT",
      "takerOrderId": "67459c2268486d00070ec922",
      "time": "1732615202176000000",
      "tradeId": "5704950617225219",
      "type": "match",
      "time_received": "10:00:02.2959"
    },
    {
      "makerOrderId": "67459c2167cdc90007d09d36",
      "price": "0.6824",
      "sequence": "5704950618667009",
      "side": "buy",
      "size": "1",
      "symbol": "HSK-USDT",
      "takerOrderId": "67459c2231d0950007afdb95",
      "time": "1732615202178000000",
      "tradeId": "5704950618667009",
      "type": "match",
      "time_received": "10:00:02.2960"
    },
    {
      "makerOrderId": "67459c2167cdc90007d09d36",
      "price": "0.6824",
      "sequence": "5704950622468099",
      "side": "buy",
      "size": "1",
      "symbol": "HSK-USDT",
      "takerOrderId": "67459c2268486d00070ec94f",
      "time": "1732615202186000000",
      "tradeId": "5704950622468099",
      "type": "match",
      "time_received": "10:00:02.2960"
    },
    {
      "makerOrderId": "67459c2167cdc90007d09d36",
      "price": "0.6824",
      "sequence": "5704950644094989",
      "side": "buy",
      "size": "1",
      "symbol": "HSK-USDT",
      "takerOrderId": "67459c2237061e0007c93fd5",
      "time": "1732615202220000000",
      "tradeId": "5704950644094989",
      "type": "match",
      "time_received": "10:00:02.2960"
    },
    {
      "makerOrderId": "67459c2167cdc90007d09d36",
      "price": "0.6824",
      "sequence": "5704950654580737",
      "side": "buy",
      "size": "1",
      "symbol": "HSK-USDT",
      "takerOrderId": "67459c22c65bf70007b7bbbd",
      "time": "1732615202237000000",
      "tradeId": "5704950654580737",
      "type": "match",
      "time_received": "10:00:02.2961"
    },
    {
      "makerOrderId": "67459c2167cdc90007d09d36",
      "price": "0.6824",
      "sequence": "5704950659692545",
      "side": "buy",
      "size": "1",
      "symbol": "HSK-USDT",
      "takerOrderId": "67459c22df6f6e0007f8f443",
      "time": "1732615202245000000",
      "tradeId": "5704950659692545",
      "type": "match",
      "time_received": "10:00:02.2961"
    },
    {
      "makerOrderId": "67459c2167cdc90007d09d36",
      "price": "0.6824",
      "sequence": "5704950666246145",
      "side": "buy",
      "size": "1",
      "symbol": "HSK-USDT",
      "takerOrderId": "67459c22088f0100072d3203",
      "time": "1732615202258000000",
      "tradeId": "5704950666246145",
      "type": "match",
      "time_received": "10:00:02.3414"
    },
    {
      "makerOrderId": "67459c2167cdc90007d09d36",
      "price": "0.6824",
      "sequence": "5704950672144385",
      "side": "buy",
      "size": "1",
      "symbol": "HSK-USDT",
      "takerOrderId": "67459c226967d300078899ba",
      "time": "1732615202270000000",
      "tradeId": "5704950672144385",
      "type": "match",
      "time_received": "10:00:02.3415"
    },
    {
      "makerOrderId": "67459c2167cdc90007d09d36",
      "price": "0.6824",
      "sequence": "5704950674896897",
      "side": "buy",
      "size": "1",
      "symbol": "HSK-USDT",
      "takerOrderId": "67459c22f4a7c500071f3fb0",
      "time": "1732615202276000000",
      "tradeId": "5704950674896897",
      "type": "match",
      "time_received": "10:00:02.3415"
    },
    {
      "makerOrderId": "67459c2167cdc90007d09d36",
      "price": "0.6824",
      "sequence": "5704950676338691",
      "side": "buy",
      "size": "1",
      "symbol": "HSK-USDT",
      "takerOrderId": "67459c22d52cb80007827905",
      "time": "1732615202280000000",
      "tradeId": "5704950676338691",
      "type": "match",
      "time_received": "10:00:02.3415"
    },
    {
      "makerOrderId": "67459c2167cdc90007d09d36",
      "price": "0.6824",
      "sequence": "5704950680795137",
      "side": "buy",
      "size": "1",
      "symbol": "HSK-USDT",
      "takerOrderId": "67459c22c5ba7400070d776d",
      "time": "1732615202288000000",
      "tradeId": "5704950680795137",
      "type": "match",
      "time_received": "10:00:02.3416"
    },
    {
      "makerOrderId": "67459c2167cdc90007d09d36",
      "price": "0.6824",
      "sequence": "5704950687610881",
      "side": "buy",
      "size": "1",
      "symbol": "HSK-USDT",
      "takerOrderId": "67459c22ae93cc00074d95f2",
      "time": "1732615202298000000",
      "tradeId": "5704950687610881",
      "type": "match",
      "time_received": "10:00:02.3641"
    },
    {
      "makerOrderId": "67459c2167cdc90007d09d36",
      "price": "0.6824",
      "sequence": "5704950692067329",
      "side": "buy",
      "size": "1",
      "symbol": "HSK-USDT",
      "takerOrderId": "67459c22f4f12000073d7150",
      "time": "1732615202312000000",
      "tradeId": "5704950692067329",
      "type": "match",
      "time_received": "10:00:02.3643"
    },
    {
      "makerOrderId": "67459c2167cdc90007d09d36",
      "price": "0.6824",
      "sequence": "5704950695475201",
      "side": "buy",
      "size": "1",
      "symbol": "HSK-USDT",
      "takerOrderId": "67459c22f4a7c500071f4015",
      "time": "1732615202320000000",
      "tradeId": "5704950695475201",
      "type": "match",
      "time_received": "10:00:02.3755"
    },
    {
      "makerOrderId": "67459c2167cdc90007d09d36",
      "price": "0.6824",
      "sequence": "5704950697834497",
      "side": "buy",
      "size": "1",
      "symbol": "HSK-USDT",
      "takerOrderId": "67459c22d52cb80007827961",
      "time": "1732615202326000000",
      "tradeId": "5704950697834497",
      "type": "match",
      "time_received": "10:00:02.3756"
    },
    {
      "makerOrderId": "67459c2167cdc90007d09d36",
      "price": "0.6824",
      "sequence": "5704950699538433",
      "side": "buy",
      "size": "1",
      "symbol": "HSK-USDT",
      "takerOrderId": "67459c22f4a7c500071f4030",
      "time": "1732615202328000000",
      "tradeId": "5704950699538433",
      "type": "match",
      "time_received": "10:00:02.3756"
    },
    {
      "makerOrderId": "67459c2167cdc90007d09d36",
      "price": "0.6824",
      "sequence": "5704950700718081",
      "side": "buy",
      "size": "1",
      "symbol": "HSK-USDT",
      "takerOrderId": "67459c2268486d00070ecacf",
      "time": "1732615202331000000",
      "tradeId": "5704950700718081",
      "type": "match",
      "time_received": "10:00:02.3760"
    },
    {
      "makerOrderId": "67459c2167cdc90007d09d36",
      "price": "0.6824",
      "sequence": "5704950702815235",
      "side": "buy",
      "size": "1",
      "symbol": "HSK-USDT",
      "takerOrderId": "67459c22ae93cc00074d9652",
      "time": "1732615202337000000",
      "tradeId": "5704950702815235",
      "type": "match",
      "time_received": "10:00:02.3854"
    },
    {
      "makerOrderId": "67459c2167cdc90007d09d36",
      "price": "0.6824",
      "sequence": "5704950706616321",
      "side": "buy",
      "size": "1",
      "symbol": "HSK-USDT",
      "takerOrderId": "67459c2231d0950007afdd58",
      "time": "1732615202343000000",
      "tradeId": "5704950706616321",
      "type": "match",
      "time_received": "10:00:02.3934"
    },
    {
      "makerOrderId": "67459c2167cdc90007d09d36",
      "price": "0.6824",
      "sequence": "5704950706878465",
      "side": "buy",
      "size": "1",
      "symbol": "HSK-USDT",
      "takerOrderId": "67459c2237061e0007c9410f",
      "time": "1732615202343000000",
      "tradeId": "5704950706878465",
      "type": "match",
      "time_received": "10:00:02.3935"
    },
    {
      "makerOrderId": "67459c2167cdc90007d09d36",
      "price": "0.6824",
      "sequence": "5704950711465985",
      "side": "buy",
      "size": "1",
      "symbol": "HSK-USDT",
      "takerOrderId": "67459c224fe74600077f95a3",
      "time": "1732615202354000000",
      "tradeId": "5704950711465985",
      "type": "match",
      "time_received": "10:00:02.4005"
    },
    {
      "makerOrderId": "67459c2167cdc90007d09d36",
      "price": "0.6824",
      "sequence": "5704950711728129",
      "side": "buy",
      "size": "1",
      "symbol": "HSK-USDT",
      "takerOrderId": "67459c2231d0950007afdd6d",
      "time": "1732615202354000000",
      "tradeId": "5704950711728129",
      "type": "match",
      "time_received": "10:00:02.4006"
    },
    {
      "makerOrderId": "67459c2167cdc90007d09d36",
      "price": "0.6824",
      "sequence": "5704950715529219",
      "side": "buy",
      "size": "1",
      "symbol": "HSK-USDT",
      "takerOrderId": "67459c22cf286a0007c3bf8a",
      "time": "1732615202365000000",
      "tradeId": "5704950715529219",
      "type": "match",
      "time_received": "10:00:02.4076"
    },
    {
      "makerOrderId": "67459c2167cdc90007d09d36",
      "price": "0.6824",
      "sequence": "5704950715922437",
      "side": "buy",
      "size": "1",
      "symbol": "HSK-USDT",
      "takerOrderId": "67459c226967d30007889a92",
      "time": "1732615202367000000",
      "tradeId": "5704950715922437",
      "type": "match",
      "time_received": "10:00:02.4193"
    },
    {
      "makerOrderId": "67459c2167cdc90007d09d36",
      "price": "0.6824",
      "sequence": "5704950718674945",
      "side": "buy",
      "size": "1",
      "symbol": "HSK-USDT",
      "takerOrderId": "67459c2231d0950007afdd9b",
      "time": "1732615202376000000",
      "tradeId": "5704950718674945",
      "type": "match",
      "time_received": "10:00:02.4246"
    },
    {
      "makerOrderId": "67459c2167cdc90007d09d36",
      "price": "0.6824",
      "sequence": "5704950720903171",
      "side": "buy",
      "size": "1",
      "symbol": "HSK-USDT",
      "takerOrderId": "67459c22d52cb800078279f3",
      "time": "1732615202384000000",
      "tradeId": "5704950720903171",
      "type": "match",
      "time_received": "10:00:02.4320"
    },
    {
      "makerOrderId": "67459c2167cdc90007d09d36",
      "price": "0.6824",
      "sequence": "5704950721558529",
      "side": "buy",
      "size": "1",
      "symbol": "HSK-USDT",
      "takerOrderId": "67459c22b7e21a0007e899c9",
      "time": "1732615202385000000",
      "tradeId": "5704950721558529",
      "type": "match",
      "time_received": "10:00:02.4320"
    },
    {
      "makerOrderId": "67459c2167cdc90007d09d36",
      "price": "0.6824",
      "sequence": "5704950721689601",
      "side": "buy",
      "size": "1",
      "symbol": "HSK-USDT",
      "takerOrderId": "67459c22df6f6e0007f8f5a0",
      "time": "1732615202385000000",
      "tradeId": "5704950721689601",
      "type": "match",
      "time_received": "10:00:02.4321"
    },
    {
      "makerOrderId": "67459c21f4f12000073d66f9",
      "price": "0.6561",
      "sequence": "5704950723000321",
      "side": "sell",
      "size": "1",
      "symbol": "HSK-USDT",
      "takerOrderId": "67459c22c65bf70007b7bd3b",
      "time": "1732615202387000000",
      "tradeId": "5704950723000321",
      "type": "match",
      "time_received": "10:00:02.4321"
    },
    {
      "makerOrderId": "67459c2167cdc90007d09d36",
      "price": "0.6824",
      "sequence": "5704950729160705",
      "side": "buy",
      "size": "1",
      "symbol": "HSK-USDT",
      "takerOrderId": "67459c22f4a7c500071f40db",
      "time": "1732615202409000000",
      "tradeId": "5704950729160705",
      "type": "match",
      "time_received": "10:00:02.4573"
    },
    {
      "makerOrderId": "67459c2167cdc90007d09d36",
      "price": "0.6824",
      "sequence": "5704950729291777",
      "side": "buy",
      "size": "1",
      "symbol": "HSK-USDT",
      "takerOrderId": "67459c22b7e21a0007e899f1",
      "time": "1732615202409000000",
      "tradeId": "5704950729291777",
      "type": "match",
      "time_received": "10:00:02.4574"
    },
    {
      "makerOrderId": "67459c2167cdc90007d09d36",
      "price": "0.6824",
      "sequence": "5704950739646467",
      "side": "buy",
      "size": "1",
      "symbol": "HSK-USDT",
      "takerOrderId": "67459c226967d30007889b0b",
      "time": "1732615202433000000",
      "tradeId": "5704950739646467",
      "type": "match",
      "time_received": "10:00:02.4827"
    },
    {
      "makerOrderId": "67459c2167cdc90007d09d36",
      "price": "0.6824",
      "sequence": "5704950742005761",
      "side": "buy",
      "size": "1",
      "symbol": "HSK-USDT",
      "takerOrderId": "67459c22c65bf70007b7bd88",
      "time": "1732615202438000000",
      "tradeId": "5704950742005761",
      "type": "match",
      "time_received": "10:00:02.4828"
    },
    {
      "makerOrderId": "67459c2167cdc90007d09d36",
      "price": "0.6824",
      "sequence": "5704950742923265",
      "side": "buy",
      "size": "1",
      "symbol": "HSK-USDT",
      "takerOrderId": "67459c2267cdc90007d0a6fd",
      "time": "1732615202439000000",
      "tradeId": "5704950742923265",
      "type": "match",
      "time_received": "10:00:02.4872"
    },
    {
      "makerOrderId": "67459c2167cdc90007d09d36",
      "price": "0.6824",
      "sequence": "5704950746986499",
      "side": "buy",
      "size": "1",
      "symbol": "HSK-USDT",
      "takerOrderId": "67459c22ae93cc00074d973c",
      "time": "1732615202454000000",
      "tradeId": "5704950746986499",
      "type": "match",
      "time_received": "10:00:02.5035"
    },
    {
      "makerOrderId": "67459c2167cdc90007d09d36",
      "price": "0.6824",
      "sequence": "5704950755899393",
      "side": "buy",
      "size": "1",
      "symbol": "HSK-USDT",
      "takerOrderId": "67459c22f15b270007256141",
      "time": "1732615202485000000",
      "tradeId": "5704950755899393",
      "type": "match",
      "time_received": "10:00:02.5341"
    },
    {
