{
  "metadata": {
    "symbol": "XION",
    "channel": "match",
    "start_time": "09:59:30.0000",
    "release_time": "10:00:00.0000",
    "end_time": "10:20:00.0000",
    "total_messages": 3770,
    "final_snapshot": {
      "time": "10:19:58.2380",
      "symbol": "XION-USDT",
      "price_high": "9.954",
      "price_last": "7.8",
      "price_low": "0.8",
      "price_avg": null,
      "volValue_USDT": "476739.088881"
    }
  },
  "data": [
    {
      "price": "0.8",
      "sequence": "6011200654424065",
      "side": "sell",
      "size": "1",
      "symbol": "XION-USDT",
      "time": "1733392800000000000",
      "tradeId": "6011200654424065",
      "type": "match",
      "time_received": "10:00:00.0654"
    },
    {
      "makerOrderId": "67515b2dff2a9e000739b445",
      "price": "4",
      "sequence": "6011200654424066",
      "side": "buy",
      "size": "1",
      "symbol": "XION-USDT",
      "takerOrderId": "675179a0ecb8b20007b36fd8",
      "time": "1733392800016000000",
      "tradeId": "6011200654424066",
      "type": "match",
      "time_received": "10:00:00.0655"
    },
    {
      "makerOrderId": "67515b2d7cf7ff0007c95a72",
      "price": "5",
      "sequence": "6011200660322305",
      "side": "buy",
      "size": "14.5",
      "symbol": "XION-USDT",
      "takerOrderId": "675179a0fe36bf00072a0910",
      "time": "1733392800029000000",
      "tradeId": "6011200660322305",
      "type": "match",
      "time_received": "10:00:00.0706"
    },
    {
      "makerOrderId": "6751779b3ecf4300075bd6b9",
      "price": "5",
      "sequence": "6011200660322308",
      "side": "buy",
      "size": "308.5",
      "symbol": "XION-USDT",
      "takerOrderId": "675179a0fe36bf00072a0910",
      "time": "1733392800029000000",
      "tradeId": "6011200660322308",
      "type": "match",
      "time_received": "10:00:00.0708"
    },
    {
      "makerOrderId": "6751779b3ecf4300075bd6b9",
      "price": "5",
      "sequence": "6011200660715521",
      "side": "buy",
      "size": "187.82",
      "symbol": "XION-USDT",
      "takerOrderId": "675179a0fe36bf00072a0914",
      "time": "1733392800030000000",
      "tradeId": "6011200660715521",
      "type": "match",
      "time_received": "10:00:00.0712"
    },
    {
      "makerOrderId": "67515b2d41bdfd0007c6032b",
      "price": "5.228",
      "sequence": "6011200660715524",
      "side": "buy",
      "size": "135.18",
      "symbol": "XION-USDT",
      "takerOrderId": "675179a0fe36bf00072a0914",
      "time": "1733392800030000000",
      "tradeId": "6011200660715524",
      "type": "match",
      "time_received": "10:00:00.0712"
    },
    {
      "makerOrderId": "67515b2d41bdfd0007c6032b",
      "price": "5.228",
      "sequence": "6011200661764097",
      "side": "buy",
      "size": "154.82",
      "symbol": "XION-USDT",
      "takerOrderId": "675179a0ecb8b20007b36fee",
      "time": "1733392800034000000",
      "tradeId": "6011200661764097",
      "type": "match",
      "time_received": "10:00:00.0780"
    },
    {
      "makerOrderId": "67515b2dfe36bf00074ba138",
      "price": "5.306",
      "sequence": "6011200661764100",
      "side": "buy",
      "size": "168.18",
      "symbol": "XION-USDT",
      "takerOrderId": "675179a0ecb8b20007b36fee",
      "time": "1733392800034000000",
      "tradeId": "6011200661764100",
      "type": "match",
      "time_received": "10:00:00.0780"
    },
    {
      "makerOrderId": "67515b2dfe36bf00074ba138",
      "price": "5.306",
      "sequence": "6011200661895169",
      "side": "buy",
      "size": "121.82",
      "symbol": "XION-USDT",
      "takerOrderId": "675179a0ecb8b20007b36ff8",
      "time": "1733392800034000000",
      "tradeId": "6011200661895169",
      "type": "match",
      "time_received": "10:00:00.0781"
    },
    {
      "makerOrderId": "67515b2d1e1c9e000778f55e",
      "price": "5.386",
      "sequence": "6011200661895172",
      "side": "buy",
      "size": "435",
      "symbol": "XION-USDT",
      "takerOrderId": "675179a0ecb8b20007b36ff8",
      "time": "1733392800034000000",
      "tradeId": "6011200661895172",
      "type": "match",
      "time_received": "10:00:00.0781"
    },
    {
      "makerOrderId": "67515b2d9574f3000735c730",
      "price": "5.467",
      "sequence": "6011200661895175",
      "side": "buy",
      "size": "435",
      "symbol": "XION-USDT",
      "takerOrderId": "675179a0ecb8b20007b36ff8",
      "time": "1733392800034000000",
      "tradeId": "6011200661895175",
      "type": "match",
      "time_received": "10:00:00.1338"
    },
    {
      "makerOrderId": "67515b2db1d2ab0007b1ea77",
      "price": "5.549",
      "sequence": "6011200661895178",
      "side": "buy",
      "size": "435",
      "symbol": "XION-USDT",
      "takerOrderId": "675179a0ecb8b20007b36ff8",
      "time": "1733392800034000000",
      "tradeId": "6011200661895178",
      "type": "match",
      "time_received": "10:00:00.1338"
    },
    {
      "makerOrderId": "67515b2decb8b20007d51b31",
      "price": "5.632",
      "sequence": "6011200661895181",
      "side": "buy",
      "size": "435",
      "symbol": "XION-USDT",
      "takerOrderId": "675179a0ecb8b20007b36ff8",
      "time": "1733392800034000000",
      "tradeId": "6011200661895181",
      "type": "match",
      "time_received": "10:00:00.1339"
    },
    {
      "makerOrderId": "67517580b1d2ab000775ac3f",
      "price": "5.7",
      "sequence": "6011200661895184",
      "side": "buy",
      "size": "27",
      "symbol": "XION-USDT",
      "takerOrderId": "675179a0ecb8b20007b36ff8",
      "time": "1733392800034000000",
      "tradeId": "6011200661895184",
      "type": "match",
      "time_received": "10:00:00.1339"
    },
    {
      "makerOrderId": "67515b2d9574f3000735c624",
      "price": "5.716",
      "sequence": "6011200661895187",
      "side": "buy",
      "size": "435",
      "symbol": "XION-USDT",
      "takerOrderId": "675179a0ecb8b20007b36ff8",
      "time": "1733392800034000000",
      "tradeId": "6011200661895187",
      "type": "match",
      "time_received": "10:00:00.1339"
    },
    {
      "makerOrderId": "67515b2dfd061e0007c6da75",
      "price": "5.802",
      "sequence": "6011200661895190",
      "side": "buy",
      "size": "423.18",
      "symbol": "XION-USDT",
      "takerOrderId": "675179a0ecb8b20007b36ff8",
      "time": "1733392800034000000",
      "tradeId": "6011200661895190",
      "type": "match",
      "time_received": "10:00:00.1340"
    },
    {
      "makerOrderId": "67515b2dfd061e0007c6da75",
      "price": "5.802",
      "sequence": "6011200662288385",
      "side": "buy",
      "size": "156.82",
      "symbol": "XION-USDT",
      "takerOrderId": "675179a0ecb8b20007b37010",
      "time": "1733392800034000000",
      "tradeId": "6011200662288385",
      "type": "match",
      "time_received": "10:00:00.1340"
    },
    {
      "makerOrderId": "67515b2d1ed0d800071cb247",
      "price": "5.889",
      "sequence": "6011200662288388",
      "side": "buy",
      "size": "166.18",
      "symbol": "XION-USDT",
      "takerOrderId": "675179a0ecb8b20007b37010",
      "time": "1733392800034000000",
      "tradeId": "6011200662288388",
      "type": "match",
      "time_received": "10:00:00.1340"
    },
    {
      "makerOrderId": "67515b2d1ed0d800071cb247",
      "price": "5.889",
      "sequence": "6011200662812673",
      "side": "buy",
      "size": "323",
      "symbol": "XION-USDT",
      "takerOrderId": "675179a0ecb8b20007b3703c",
      "time": "1733392800036000000",
      "tradeId": "6011200662812673",
      "type": "match",
      "time_received": "10:00:00.1341"
    },
    {
      "makerOrderId": "67515b2d1ed0d800071cb247",
      "price": "5.889",
      "sequence": "6011200662943745",
      "side": "buy",
      "size": "90.82",
      "symbol": "XION-USDT",
      "takerOrderId": "675179a0ecb8b20007b36ffe",
      "time": "1733392800036000000",
      "tradeId": "6011200662943745",
      "type": "match",
      "time_received": "10:00:00.1341"
    },
    {
      "makerOrderId": "67515b2dff2a9e000739b0bc",
      "price": "5.977",
      "sequence": "6011200662943748",
      "side": "buy",
      "size": "232.18",
      "symbol": "XION-USDT",
      "takerOrderId": "675179a0ecb8b20007b36ffe",
      "time": "1733392800036000000",
      "tradeId": "6011200662943748",
      "type": "match",
      "time_received": "10:00:00.1341"
    },
    {
      "makerOrderId": "67515b2dff2a9e000739b0bc",
      "price": "5.977",
      "sequence": "6011200665565185",
      "side": "buy",
      "size": "323",
      "symbol": "XION-USDT",
      "takerOrderId": "675179a0ecb8b20007b37052",
      "time": "1733392800039000000",
      "tradeId": "6011200665565185",
      "type": "match",
      "time_received": "10:00:00.1342"
    },
    {
      "makerOrderId": "67515b2dff2a9e000739b0bc",
      "price": "5.977",
      "sequence": "6011200666744833",
      "side": "buy",
      "size": "169.82",
      "symbol": "XION-USDT",
      "takerOrderId": "675179a0fe36bf00072a0949",
      "time": "1733392800042000000",
      "tradeId": "6011200666744833",
      "type": "match",
      "time_received": "10:00:00.1342"
    },
    {
      "makerOrderId": "67515b2db1d2ab0007b1e8ad",
      "price": "6",
      "sequence": "6011200666744836",
      "side": "buy",
      "size": "725",
      "symbol": "XION-USDT",
      "takerOrderId": "675179a0fe36bf00072a0949",
      "time": "1733392800042000000",
      "tradeId": "6011200666744836",
      "type": "match",
      "time_received": "10:00:00.1342"
    },
    {
      "makerOrderId": "67515b2d3ecf4300078a2501",
      "price": "6.274",
      "sequence": "6011200684046337",
      "side": "buy",
      "size": "1",
      "symbol": "XION-USDT",
      "takerOrderId": "675179a0ecb8b20007b3715f",
      "time": "1733392800073000000",
      "tradeId": "6011200684046337",
      "type": "match",
      "time_received": "10:00:00.1342"
    },
    {
      "makerOrderId": "67515b2d3ecf4300078a2501",
      "price": "6.274",
      "sequence": "6011200952743937",
      "side": "buy",
      "size": "1",
      "symbol": "XION-USDT",
      "takerOrderId": "675179a09574f30007141cfb",
      "time": "1733392800551000000",
      "tradeId": "6011200952743937",
      "type": "match",
      "time_received": "10:00:00.5919"
    },
    {
      "makerOrderId": "67515b2d3ecf4300078a2501",
      "price": "6.274",
      "sequence": "6011201126152193",
      "side": "buy",
      "size": "7.04",
      "symbol": "XION-USDT",
      "takerOrderId": "675179a0fd80ce0007870f96",
      "time": "1733392800790000000",
      "tradeId": "6011201126152193",
      "type": "match",
      "time_received": "10:00:00.8315"
    },
    {
      "makerOrderId": "67515b2d3ecf4300078a2501",
      "price": "6.274",
      "sequence": "6011201258010625",
      "side": "buy",
      "size": "1",
      "symbol": "XION-USDT",
      "takerOrderId": "675179a0e7750000071dee45",
      "time": "1733392800968000000",
      "tradeId": "6011201258010625",
      "type": "match",
      "time_received": "10:00:01.0056"
    },
    {
      "makerOrderId": "67515b2d3ecf4300078a2501",
      "price": "6.274",
      "sequence": "6011201259583489",
      "side": "buy",
      "size": "100",
      "symbol": "XION-USDT",
      "takerOrderId": "675179a07cf7ff0007a7aacb",
      "time": "1733392800972000000",
      "tradeId": "6011201259583489",
      "type": "match",
      "time_received": "10:00:01.0154"
    },
    {
      "makerOrderId": "67515b2d3ecf4300078a2501",
      "price": "6.274",
      "sequence": "6011201260632065",
      "side": "buy",
      "size": "6.71",
      "symbol": "XION-USDT",
      "takerOrderId": "675179a0716ab30007f65ecd",
      "time": "1733392800974000000",
      "tradeId": "6011201260632065",
      "type": "match",
      "time_received": "10:00:01.0154"
    },
    {
      "makerOrderId": "67515b2d3ecf4300078a2501",
      "price": "6.274",
      "sequence": "6011201302575105",
      "side": "buy",
      "size": "30",
      "symbol": "XION-USDT",
      "takerOrderId": "675179a1fd80ce00078713d5",
      "time": "1733392801086000000",
      "tradeId": "6011201302575105",
      "type": "match",
      "time_received": "10:00:01.1286"
    },
    {
      "makerOrderId": "67515b2d3ecf4300078a2501",
      "price": "6.274",
      "sequence": "6011201428666369",
      "side": "buy",
      "size": "62.26",
      "symbol": "XION-USDT",
      "takerOrderId": "675179a13bb37e00077ba52b",
      "time": "1733392801327000000",
      "tradeId": "6011201428666369",
      "type": "match",
      "time_received": "10:00:01.3691"
    },
    {
      "makerOrderId": "67515b2d3ecf4300078a2501",
      "price": "6.274",
      "sequence": "6011201498003459",
      "side": "buy",
      "size": "56",
      "symbol": "XION-USDT",
      "takerOrderId": "675179a1ecb8b20007b387bf",
      "time": "1733392801492000000",
      "tradeId": "6011201498003459",
      "type": "match",
      "time_received": "10:00:01.5412"
    },
    {
      "makerOrderId": "67515b2d3ecf4300078a2501",
      "price": "6.274",
      "sequence": "6011201519106049",
      "side": "buy",
      "size": "100",
      "symbol": "XION-USDT",
      "takerOrderId": "675179a1fd80ce000787177f",
      "time": "1733392801540000000",
      "tradeId": "6011201519106049",
      "type": "match",
      "time_received": "10:00:01.6000"
    },
    {
      "makerOrderId": "67515b2d3ecf4300078a2501",
      "price": "6.274",
      "sequence": "6011201537849345",
      "side": "buy",
      "size": "1.27",
      "symbol": "XION-USDT",
      "takerOrderId": "675179a1fd061e0007a53693",
      "time": "1733392801581000000",
      "tradeId": "6011201537849345",
      "type": "match",
      "time_received": "10:00:01.6536"
    },
    {
      "makerOrderId": "67515b2d3ecf4300078a2501",
      "price": "6.274",
      "sequence": "6011201560918017",
      "side": "buy",
      "size": "5",
      "symbol": "XION-USDT",
      "takerOrderId": "675179a12e6b3a0007451bd9",
      "time": "1733392801639000000",
      "tradeId": "6011201560918017",
      "type": "match",
      "time_received": "10:00:01.6869"
    },
    {
      "makerOrderId": "67515b2d3ecf4300078a2501",
      "price": "6.274",
      "sequence": "6011201770764289",
      "side": "buy",
      "size": "10",
      "symbol": "XION-USDT",
      "takerOrderId": "675179a22e6b3a0007451fa1",
      "time": "1733392802126000000",
      "tradeId": "6011201770764289",
      "type": "match",
      "time_received": "10:00:02.1638"
    },
    {
      "makerOrderId": "67515b2d3ecf4300078a2501",
      "price": "6.274",
      "sequence": "6011201782429701",
      "side": "buy",
      "size": "10",
      "symbol": "XION-USDT",
      "takerOrderId": "675179a2716ab30007f668c7",
      "time": "1733392802149000000",
      "tradeId": "6011201782429701",
      "type": "match",
      "time_received": "10:00:02.1957"
    },
    {
      "makerOrderId": "67515b2d3ecf4300078a2501",
      "price": "6.274",
      "sequence": "6011201806809089",
      "side": "buy",
      "size": "12",
      "symbol": "XION-USDT",
      "takerOrderId": "675179a23ecf4300076873b8",
      "time": "1733392802209000000",
      "tradeId": "6011201806809089",
      "type": "match",
      "time_received": "10:00:02.2485"
    },
    {
      "makerOrderId": "67515b2d3ecf4300078a2501",
      "price": "6.274",
      "sequence": "6011201837217793",
      "side": "buy",
      "size": "2",
      "symbol": "XION-USDT",
      "takerOrderId": "675179a23ecf43000768745b",
      "time": "1733392802280000000",
      "tradeId": "6011201837217793",
      "type": "match",
      "time_received": "10:00:02.3290"
    },
    {
      "makerOrderId": "67515b2d3ecf4300078a2501",
      "price": "6.274",
      "sequence": "6011201862383617",
      "side": "buy",
      "size": "2.5",
      "symbol": "XION-USDT",
      "takerOrderId": "675179a2f517900007e120db",
      "time": "1733392802333000000",
      "tradeId": "6011201862383617",
      "type": "match",
      "time_received": "10:00:02.3755"
    },
    {
      "makerOrderId": "67515b2d3ecf4300078a2501",
      "price": "6.274",
      "sequence": "6011202134226959",
      "side": "buy",
      "size": "1.87",
      "symbol": "XION-USDT",
      "takerOrderId": "675179a3fd80ce000787221a",
      "time": "1733392803019000000",
      "tradeId": "6011202134226959",
      "type": "match",
      "time_received": "10:00:03.0624"
    },
    {
      "makerOrderId": "67515b2d3ecf4300078a2501",
      "price": "6.274",
      "sequence": "6011202568337413",
      "side": "buy",
      "size": "1.34",
      "symbol": "XION-USDT",
      "takerOrderId": "675179a32e6b3a0007452c00",
      "time": "1733392803963000000",
      "tradeId": "6011202568337413",
      "type": "match",
      "time_received": "10:00:04.0040"
    },
    {
      "makerOrderId": "67515b2d3ecf4300078a2501",
      "price": "6.274",
      "sequence": "6011202661660675",
      "side": "buy",
      "size": "314.01",
      "symbol": "XION-USDT",
      "takerOrderId": "675179a4e7750000071e061c",
      "time": "1733392804235000000",
      "tradeId": "6011202661660675",
      "type": "match",
      "time_received": "10:00:04.2782"
    },
    {
      "makerOrderId": "67517586fd061e00078ac92e",
      "price": "6.3",
      "sequence": "6011202661660678",
      "side": "buy",
      "size": "53",
      "symbol": "XION-USDT",
      "takerOrderId": "675179a4e7750000071e061c",
      "time": "1733392804235000000",
      "tradeId": "6011202661660678",
      "type": "match",
      "time_received": "10:00:04.2783"
    },
    {
      "makerOrderId": "67515b2de7750000073f8d64",
      "price": "6.5",
      "sequence": "6011202661660681",
      "side": "buy",
      "size": "20.97",
      "symbol": "XION-USDT",
      "takerOrderId": "675179a4e7750000071e061c",
      "time": "1733392804235000000",
      "tradeId": "6011202661660681",
      "type": "match",
      "time_received": "10:00:04.2783"
    },
    {
      "makerOrderId": "67515b2de7750000073f8d64",
      "price": "6.5",
      "sequence": "6011203300767745",
      "side": "buy",
      "size": "2",
      "symbol": "XION-USDT",
      "takerOrderId": "675179a5716ab30007f6820e",
      "time": "1733392805595000000",
      "tradeId": "6011203300767745",
      "type": "match",
      "time_received": "10:00:05.6440"
    },
    {
      "makerOrderId": "67515b2de7750000073f8d64",
      "price": "6.5",
      "sequence": "6011203380721665",
      "side": "buy",
      "size": "7.54",
      "symbol": "XION-USDT",
      "takerOrderId": "675179a51ed0d80007fb3b5b",
      "time": "1733392805796000000",
      "tradeId": "6011203380721665",
      "type": "match",
      "time_received": "10:00:05.8386"
    },
    {
      "makerOrderId": "67515b2de7750000073f8d64",
      "price": "6.5",
      "sequence": "6011203439179777",
      "side": "buy",
      "size": "7.54",
      "symbol": "XION-USDT",
      "takerOrderId": "675179a5aef36e0007aeef15",
      "time": "1733392805902000000",
      "tradeId": "6011203439179777",
      "type": "match",
      "time_received": "10:00:05.9424"
    },
    {
      "makerOrderId": "67515b2de7750000073f8d64",
      "price": "6.5",
      "sequence": "6011203503536129",
      "side": "buy",
      "size": "7.54",
      "symbol": "XION-USDT",
      "takerOrderId": "675179a6ecb8b20007b3a877",
      "time": "1733392806071000000",
      "tradeId": "6011203503536129",
      "type": "match",
      "time_received": "10:00:06.1167"
    },
    {
      "makerOrderId": "67515b2de7750000073f8d64",
      "price": "6.5",
      "sequence": "6011203515201537",
      "side": "buy",
      "size": "84.06",
      "symbol": "XION-USDT",
      "takerOrderId": "675179a69574f30007144c5f",
      "time": "1733392806111000000",
      "tradeId": "6011203515201537",
      "type": "match",
      "time_received": "10:00:06.1536"
    },
    {
      "makerOrderId": "67515b2de7750000073f8d64",
      "price": "6.5",
      "sequence": "6011204107122689",
      "side": "buy",
      "size": "1.52",
      "symbol": "XION-USDT",
      "takerOrderId": "675179a73ecf430007689a81",
      "time": "1733392807550000000",
      "tradeId": "6011204107122689",
      "type": "match",
      "time_received": "10:00:07.5890"
    },
    {
      "makerOrderId": "67515b2de7750000073f8d64",
      "price": "6.5",
      "sequence": "6011204164007937",
      "side": "buy",
      "size": "1.52",
      "symbol": "XION-USDT",
      "takerOrderId": "675179a7aef36e0007aefbb1",
      "time": "1733392807717000000",
      "tradeId": "6011204164007937",
      "type": "match",
      "time_received": "10:00:07.7581"
    },
    {
      "makerOrderId": "67515b2de7750000073f8d64",
      "price": "6.5",
      "sequence": "6011204689606657",
      "side": "buy",
      "size": "29.01",
      "symbol": "XION-USDT",
      "takerOrderId": "675179a81e1c9e000757a6ee",
      "time": "1733392808929000000",
      "tradeId": "6011204689606657",
      "type": "match",
      "time_received": "10:00:08.9681"
    },
    {
      "makerOrderId": "67515b2de7750000073f8d64",
      "price": "6.5",
      "sequence": "6011204691703809",
      "side": "buy",
      "size": "22.95",
      "symbol": "XION-USDT",
      "takerOrderId": "675179a89574f30007146134",
      "time": "1733392808934000000",
      "tradeId": "6011204691703809",
      "type": "match",
      "time_received": "10:00:08.9727"
    },
    {
      "makerOrderId": "67515b2de7750000073f8d64",
      "price": "6.5",
      "sequence": "6011204808882179",
      "side": "buy",
      "size": "22.98",
      "symbol": "XION-USDT",
      "takerOrderId": "675179a9fd061e0007a56f13",
      "time": "1733392809245000000",
      "tradeId": "6011204808882179",
      "type": "match",
      "time_received": "10:00:09.2854"
    },
    {
      "makerOrderId": "67515b2de7750000073f8d64",
      "price": "6.5",
      "sequence": "6011204845189121",
      "side": "buy",
      "size": "297.97",
      "symbol": "XION-USDT",
      "takerOrderId": "675179a9ff2a9e000718510a",
      "time": "1733392809326000000",
      "tradeId": "6011204845189121",
      "type": "match",
      "time_received": "10:00:09.3737"
    },
    {
      "makerOrderId": "67515b2de7750000073f8d64",
      "price": "6.5",
      "sequence": "6011204855543809",
      "side": "buy",
      "size": "145.07",
      "symbol": "XION-USDT",
      "takerOrderId": "675179a9a398ab00079c9c9c",
      "time": "1733392809348000000",
      "tradeId": "6011204855543809",
      "type": "match",
      "time_received": "10:00:09.3878"
    },
    {
      "makerOrderId": "67515b2de7750000073f8d64",
      "price": "6.5",
      "sequence": "6011204939692033",
      "side": "buy",
      "size": "30.58",
      "symbol": "XION-USDT",
      "takerOrderId": "675179a9ff2a9e0007185285",
      "time": "1733392809543000000",
      "tradeId": "6011204939692033",
      "type": "match",
      "time_received": "10:00:09.5825"
    },
    {
      "makerOrderId": "67515b2de7750000073f8d64",
      "price": "6.5",
      "sequence": "6011205021874177",
      "side": "buy",
      "size": "23.02",
      "symbol": "XION-USDT",
      "takerOrderId": "675179a98338b9000749f034",
      "time": "1733392809755000000",
      "tradeId": "6011205021874177",
      "type": "match",
      "time_received": "10:00:09.7971"
    },
    {
      "makerOrderId": "67515b2de7750000073f8d64",
      "price": "6.5",
      "sequence": "6011205220579329",
      "side": "buy",
      "size": "20.73",
      "symbol": "XION-USDT",
      "takerOrderId": "675179aaecb8b20007b3c692",
      "time": "1733392810176000000",
      "tradeId": "6011205220579329",
      "type": "match",
      "time_received": "10:00:10.2179"
    },
    {
      "makerOrderId": "67515b2d1e1c9e000778f123",
      "price": "6.7",
      "sequence": "6011205615237121",
      "side": "buy",
      "size": "96.14",
      "symbol": "XION-USDT",
      "takerOrderId": "675179abecb8b20007b3cc49",
      "time": "1733392811220000000",
      "tradeId": "6011205615237121",
      "type": "match",
      "time_received": "10:00:11.2636"
    },
    {
      "makerOrderId": "67515b2d1e1c9e000778f123",
      "price": "6.7",
      "sequence": "6011206109378561",
      "side": "buy",
      "size": "1.44",
      "symbol": "XION-USDT",
      "takerOrderId": "675179ac7cf7ff0007a7fb3e",
      "time": "1733392812338000000",
      "tradeId": "6011206109378561",
      "type": "match",
      "time_received": "10:00:12.3937"
    },
    {
      "makerOrderId": "67515b2d1e1c9e000778f123",
      "price": "6.7",
      "sequence": "6011206137559041",
      "side": "buy",
      "size": "222.81",
      "symbol": "XION-USDT",
      "takerOrderId": "675179acecb8b20007b3d45f",
      "time": "1733392812418000000",
      "tradeId": "6011206137559041",
      "type": "match",
      "time_received": "10:00:12.4616"
    },
    {
      "makerOrderId": "67515b2d1e1c9e000778f123",
      "price": "6.7",
      "sequence": "6011206872610817",
      "side": "buy",
      "size": "74.12",
      "symbol": "XION-USDT",
      "takerOrderId": "675179ae716ab30007f6ba68",
      "time": "1733392814051000000",
      "tradeId": "6011206872610817",
      "type": "match",
      "time_received": "10:00:14.0926"
    },
    {
      "makerOrderId": "67515b2d1e1c9e000778f123",
      "price": "6.7",
      "sequence": "6011206914029569",
      "side": "buy",
      "size": "74.07",
      "symbol": "XION-USDT",
      "takerOrderId": "675179aea398ab00079cbb85",
      "time": "1733392814153000000",
      "tradeId": "6011206914029569",
      "type": "match",
      "time_received": "10:00:14.2052"
    },
    {
      "makerOrderId": "67515b2d1e1c9e000778f123",
      "price": "6.7",
      "sequence": "6011206958594049",
      "side": "buy",
      "size": "74.07",
      "symbol": "XION-USDT",
      "takerOrderId": "675179ae3ecf43000768c723",
      "time": "1733392814273000000",
      "tradeId": "6011206958594049",
      "type": "match",
      "time_received": "10:00:14.3126"
    },
    {
      "makerOrderId": "67515b2d1e1c9e000778f123",
      "price": "6.7",
      "sequence": "6011206992410625",
      "side": "buy",
      "size": "74.07",
      "symbol": "XION-USDT",
      "takerOrderId": "675179aea398ab00079cbd76",
      "time": "1733392814359000000",
      "tradeId": "6011206992410625",
      "type": "match",
      "time_received": "10:00:14.4011"
    },
    {
      "makerOrderId": "67515b2d1e1c9e000778f123",
      "price": "6.7",
      "sequence": "6011207115487233",
      "side": "buy",
      "size": "74.07",
      "symbol": "XION-USDT",
      "takerOrderId": "675179ae1e1c9e000757cc5c",
      "time": "1733392814688000000",
      "tradeId": "6011207115487233",
      "type": "match",
      "time_received": "10:00:14.7289"
    },
    {
      "makerOrderId": "67515b2d1e1c9e000778f123",
      "price": "6.7",
      "sequence": "6011207131740161",
      "side": "buy",
      "size": "74.07",
      "symbol": "XION-USDT",
      "takerOrderId": "675179aef517900007e176a5",
      "time": "1733392814733000000",
      "tradeId": "6011207131740161",
      "type": "match",
      "time_received": "10:00:14.7747"
    },
    {
      "makerOrderId": "67515b2d1e1c9e000778f123",
      "price": "6.7",
      "sequence": "6011207135148033",
      "side": "buy",
      "size": "17.66",
      "symbol": "XION-USDT",
      "takerOrderId": "675179aefd061e0007a592aa",
      "time": "1733392814740000000",
      "tradeId": "6011207135148033",
      "type": "match",
      "time_received": "10:00:14.7806"
    },
    {
      "makerOrderId": "67515b2d1e1c9e000778f123",
      "price": "6.7",
      "sequence": "6011207187838977",
      "side": "buy",
      "size": "22.54",
      "symbol": "XION-USDT",
      "takerOrderId": "675179aeb1d2ab0007909e4a",
      "time": "1733392814865000000",
      "tradeId": "6011207187838977",
      "type": "match",
      "time_received": "10:00:14.9002"
    },
    {
      "makerOrderId": "67515b2d1e1c9e000778f123",
      "price": "6.7",
      "sequence": "6011207224932353",
      "side": "buy",
      "size": "1.48",
      "symbol": "XION-USDT",
      "takerOrderId": "675179aea398ab00079cc173",
      "time": "1733392814899000000",
      "tradeId": "6011207224932353",
      "type": "match",
      "time_received": "10:00:14.9407"
    },
    {
      "makerOrderId": "67515b2d1e1c9e000778f123",
      "price": "6.7",
      "sequence": "6011207294400513",
      "side": "buy",
      "size": "1.48",
      "symbol": "XION-USDT",
      "takerOrderId": "675179afb1d2ab0007909ffc",
      "time": "1733392815079000000",
      "tradeId": "6011207294400513",
      "type": "match",
      "time_received": "10:00:15.1154"
    },
    {
      "makerOrderId": "67515b2d1e1c9e000778f123",
      "price": "6.7",
      "sequence": "6011207302002689",
      "side": "buy",
      "size": "14.81",
      "symbol": "XION-USDT",
      "takerOrderId": "675179af1ed0d80007fb79e5",
      "time": "1733392815095000000",
      "tradeId": "6011207302002689",
      "type": "match",
      "time_received": "10:00:15.1324"
    },
    {
      "makerOrderId": "67515b2d1e1c9e000778f123",
      "price": "6.7",
      "sequence": "6011207375534081",
      "side": "buy",
      "size": "14.81",
      "symbol": "XION-USDT",
      "takerOrderId": "675179af1ed0d80007fb7b00",
      "time": "1733392815266000000",
      "tradeId": "6011207375534081",
      "type": "match",
      "time_received": "10:00:15.3081"
    },
    {
      "makerOrderId": "67515b2d1e1c9e000778f123",
      "price": "6.7",
      "sequence": "6011207403976705",
      "side": "buy",
      "size": "8.9",
      "symbol": "XION-USDT",
      "takerOrderId": "675179af3bb37e00077c05e4",
      "time": "1733392815360000000",
      "tradeId": "6011207403976705",
      "type": "match",
      "time_received": "10:00:15.4010"
    },
    {
      "makerOrderId": "67515b2d1e1c9e000778f123",
      "price": "6.7",
      "sequence": "6011207425603585",
      "side": "buy",
      "size": "14.7",
      "symbol": "XION-USDT",
      "takerOrderId": "675179af2e6b3a0007457b22",
      "time": "1733392815416000000",
      "tradeId": "6011207425603585",
      "type": "match",
      "time_received": "10:00:15.4523"
    },
    {
      "makerOrderId": "67515b2d1e1c9e000778f123",
      "price": "6.7",
      "sequence": "6011207431108609",
      "side": "buy",
      "size": "89.28",
      "symbol": "XION-USDT",
      "takerOrderId": "675179af1e1c9e000757d151",
      "time": "1733392815432000000",
      "tradeId": "6011207431108609",
      "type": "match",
      "time_received": "10:00:15.4718"
    },
    {
      "makerOrderId": "67515b2d1e1c9e000778f123",
      "price": "6.7",
      "sequence": "6011207442642945",
      "side": "buy",
      "size": "1.48",
      "symbol": "XION-USDT",
      "takerOrderId": "675179affe36bf00072a819b",
      "time": "1733392815458000000",
      "tradeId": "6011207442642945",
      "type": "match",
      "time_received": "10:00:15.5018"
    },
    {
      "makerOrderId": "67515b2d1e1c9e000778f123",
      "price": "6.7",
      "sequence": "6011207453128705",
      "side": "buy",
      "size": "63",
      "symbol": "XION-USDT",
      "takerOrderId": "675179af41bdfd0007a4d7b6",
      "time": "1733392815482000000",
      "tradeId": "6011207453128705",
      "type": "match",
      "time_received": "10:00:15.5255"
    },
    {
      "makerOrderId": "6751758be77500000703a120",
      "price": "6.8",
      "sequence": "6011207657732097",
      "side": "buy",
      "size": "33",
      "symbol": "XION-USDT",
      "takerOrderId": "675179afecb8b20007b3eb95",
      "time": "1733392815954000000",
      "tradeId": "6011207657732097",
      "type": "match",
      "time_received": "10:00:15.9987"
    },
    {
      "makerOrderId": "675179a23ecf430007687412",
      "price": "6.9014",
      "sequence": "6011207936784385",
      "side": "buy",
      "size": "1.27",
      "symbol": "XION-USDT",
      "takerOrderId": "675179b01e1c9e000757da36",
      "time": "1733392816675000000",
      "tradeId": "6011207936784385",
      "type": "match",
      "time_received": "10:00:16.7125"
    },
    {
      "makerOrderId": "675179b07cf7ff0007a8167a",
      "price": "6.98",
      "sequence": "6011207936784388",
      "side": "buy",
      "size": "5.71",
      "symbol": "XION-USDT",
      "takerOrderId": "675179b01e1c9e000757da36",
      "time": "1733392816675000000",
      "tradeId": "6011207936784388",
      "type": "match",
      "time_received": "10:00:16.7167"
    },
    {
      "makerOrderId": "675179b0fd061e0007a5a280",
      "price": "6.95",
      "sequence": "6011208167602177",
      "side": "buy",
      "size": "14.38",
      "symbol": "XION-USDT",
      "takerOrderId": "675179b1716ab30007f6d07c",
      "time": "1733392817147000000",
      "tradeId": "6011208167602177",
      "type": "match",
      "time_received": "10:00:17.1856"
    },
    {
      "makerOrderId": "675179b0fe36bf00072a8b87",
      "price": "6.96",
      "sequence": "6011208167602180",
      "side": "buy",
      "size": "14.36",
      "symbol": "XION-USDT",
      "takerOrderId": "675179b1716ab30007f6d07c",
      "time": "1733392817147000000",
      "tradeId": "6011208167602180",
      "type": "match",
      "time_received": "10:00:17.1858"
    },
    {
      "makerOrderId": "675179b0b1d2ab000790aadd",
      "price": "6.965",
      "sequence": "6011208167602183",
      "side": "buy",
      "size": "14.35",
      "symbol": "XION-USDT",
      "takerOrderId": "675179b1716ab30007f6d07c",
      "time": "1733392817147000000",
      "tradeId": "6011208167602183",
      "type": "match",
      "time_received": "10:00:17.1858"
    },
    {
      "makerOrderId": "675179b07cf7ff0007a8167a",
      "price": "6.98",
      "sequence": "6011208167602186",
      "side": "buy",
      "size": "8.61",
      "symbol": "XION-USDT",
      "takerOrderId": "675179b1716ab30007f6d07c",
      "time": "1733392817147000000",
      "tradeId": "6011208167602186",
      "type": "match",
      "time_received": "10:00:17.1859"
    },
    {
      "makerOrderId": "675179b0ff2a9e0007187fe7",
      "price": "6.98",
      "sequence": "6011208167602189",
      "side": "buy",
      "size": "14.32",
      "symbol": "XION-USDT",
      "takerOrderId": "675179b1716ab30007f6d07c",
      "time": "1733392817147000000",
      "tradeId": "6011208167602189",
      "type": "match",
      "time_received": "10:00:17.1859"
    },
    {
      "makerOrderId": "67515b2d9574f3000735c303",
      "price": "7",
      "sequence": "6011208167602192",
      "side": "buy",
      "size": "47.51",
      "symbol": "XION-USDT",
      "takerOrderId": "675179b1716ab30007f6d07c",
      "time": "1733392817147000000",
      "tradeId": "6011208167602192",
      "type": "match",
      "time_received": "10:00:17.1863"
    },
    {
      "makerOrderId": "67515b2d9574f3000735c303",
      "price": "7",
      "sequence": "6011208201549825",
      "side": "buy",
      "size": "113.12",
      "symbol": "XION-USDT",
      "takerOrderId": "675179b11e1c9e000757de12",
      "time": "1733392817241000000",
      "tradeId": "6011208201549825",
      "type": "match",
      "time_received": "10:00:17.2816"
    },
    {
      "makerOrderId": "67515b2d9574f3000735c303",
      "price": "7",
      "sequence": "6011208224094209",
      "side": "buy",
      "size": "213.06",
      "symbol": "XION-USDT",
      "takerOrderId": "675179b13bb37e00077c13ac",
      "time": "1733392817298000000",
      "tradeId": "6011208224094209",
      "type": "match",
      "time_received": "10:00:17.3413"
    },
    {
      "makerOrderId": "67515b2d9574f3000735c303",
      "price": "7",
      "sequence": "6011208289892353",
      "side": "buy",
      "size": "113.12",
      "symbol": "XION-USDT",
      "takerOrderId": "675179b19574f30007149af5",
      "time": "1733392817464000000",
      "tradeId": "6011208289892353",
      "type": "match",
      "time_received": "10:00:17.5079"
    },
    {
      "makerOrderId": "675179b17cf7ff0007a822b6",
      "price": "6.9984",
      "sequence": "6011208590571521",
      "side": "sell",
      "size": "1.42",
      "symbol": "XION-USDT",
      "takerOrderId": "675179b11ed0d80007fb8fcc",
      "time": "1733392817915000000",
      "tradeId": "6011208590571521",
      "type": "match",
      "time_received": "10:00:17.9557"
    },
    {
      "makerOrderId": "675179b11ed0d80007fb8fcc",
      "price": "6.945",
      "sequence": "6011208628975617",
      "side": "buy",
      "size": "12.97",
      "symbol": "XION-USDT",
      "takerOrderId": "675179b1e7750000071e6853",
      "time": "1733392818013000000",
      "tradeId": "6011208628975617",
      "type": "match",
      "time_received": "10:00:18.0551"
    },
    {
      "makerOrderId": "67515b2d9574f3000735c303",
      "price": "7",
      "sequence": "6011208628975620",
      "side": "buy",
      "size": "100.15",
      "symbol": "XION-USDT",
      "takerOrderId": "675179b1e7750000071e6853",
      "time": "1733392818013000000",
      "tradeId": "6011208628975620",
      "type": "match",
      "time_received": "10:00:18.0552"
    },
    {
      "makerOrderId": "675179b2ecb8b20007b3fcbb",
      "price": "6.95",
      "sequence": "6011208657811457",
      "side": "buy",
      "size": "14.21",
      "symbol": "XION-USDT",
      "takerOrderId": "675179b21e1c9e000757e681",
      "time": "1733392818087000000",
      "tradeId": "6011208657811457",
      "type": "match",
      "time_received": "10:00:18.1258"
    },
    {
      "makerOrderId": "675179b2ecb8b20007b3fcbb",
      "price": "6.95",
      "sequence": "6011208681011201",
      "side": "buy",
      "size": "0.17",
      "symbol": "XION-USDT",
      "takerOrderId": "675179b2f517900007e19097",
      "time": "1733392818152000000",
      "tradeId": "6011208681011201",
      "type": "match",
      "time_received": "10:00:18.1879"
    },
    {
      "makerOrderId": "67515b2d9574f3000735c303",
      "price": "7",
      "sequence": "6011208688089089",
      "side": "buy",
      "size": "113.12",
      "symbol": "XION-USDT",
      "takerOrderId": "675179b2b1d2ab000790b7d5",
      "time": "1733392818174000000",
      "tradeId": "6011208688089089",
      "type": "match",
      "time_received": "10:00:18.2120"
    },
    {
      "makerOrderId": "675179b2f517900007e19097",
      "price": "6.9984",
      "sequence": "6011208688220161",
      "side": "sell",
      "size": "1.25",
      "symbol": "XION-USDT",
      "takerOrderId": "675179b2ff2a9e0007188e2a",
      "time": "1733392818175000000",
      "tradeId": "6011208688220161",
      "type": "match",
      "time_received": "10:00:18.2126"
    },
    {
      "makerOrderId": "675179b2ff2a9e0007188e2a",
      "price": "6.975",
      "sequence": "6011208697919489",
      "side": "buy",
      "size": "1.41",
      "symbol": "XION-USDT",
      "takerOrderId": "675179b2aef36e0007af4543",
      "time": "1733392818199000000",
      "tradeId": "6011208697919489",
      "type": "match",
      "time_received": "10:00:18.2398"
    },
    {
      "makerOrderId": "675179b2ff2a9e0007188e2a",
      "price": "6.975",
      "sequence": "6011208714958849",
      "side": "buy",
      "size": "11.67",
      "symbol": "XION-USDT",
      "takerOrderId": "675179b2716ab30007f6da82",
      "time": "1733392818238000000",
      "tradeId": "6011208714958849",
      "type": "match",
      "time_received": "10:00:18.2798"
    },
    {
      "makerOrderId": "67515b2d9574f3000735c303",
      "price": "7",
      "sequence": "6011208714958852",
      "side": "buy",
      "size": "101.03",
      "symbol": "XION-USDT",
      "takerOrderId": "675179b2716ab30007f6da82",
      "time": "1733392818238000000",
      "tradeId": "6011208714958852",
      "type": "match",
      "time_received": "10:00:18.2799"
    },
    {
      "makerOrderId": "67515b2d9574f3000735c303",
      "price": "7",
      "sequence": "6011208719546369",
      "side": "buy",
      "size": "70.97",
      "symbol": "XION-USDT",
      "takerOrderId": "675179b2fd061e0007a5ad9d",
      "time": "1733392818254000000",
      "tradeId": "6011208719546369",
      "type": "match",
      "time_received": "10:00:18.2964"
    },
    {
      "makerOrderId": "67515b2d9574f3000735c303",
      "price": "7",
      "sequence": "6011208723871745",
      "side": "buy",
      "size": "14.21",
      "symbol": "XION-USDT",
      "takerOrderId": "675179b2ecb8b20007b3fe3f",
      "time": "1733392818266000000",
      "tradeId": "6011208723871745",
      "type": "match",
      "time_received": "10:00:18.3058"
    },
    {
      "makerOrderId": "67515b2d9574f3000735c303",
      "price": "7",
      "sequence": "6011208753756161",
      "side": "buy",
      "size": "1.41",
      "symbol": "XION-USDT",
      "takerOrderId": "675179b22e6b3a0007459200",
      "time": "1733392818337000000",
      "tradeId": "6011208753756161",
      "type": "match",
      "time_received": "10:00:18.3817"
    },
    {
      "makerOrderId": "67515b2d9574f3000735c303",
      "price": "7",
      "sequence": "6011208817850369",
      "side": "buy",
      "size": "14.21",
      "symbol": "XION-USDT",
      "takerOrderId": "675179b2e7750000071e6be7",
      "time": "1733392818479000000",
      "tradeId": "6011208817850369",
      "type": "match",
      "time_received": "10:00:18.5207"
    },
    {
      "makerOrderId": "67515b2d9574f3000735c303",
      "price": "7",
      "sequence": "6011208828598273",
      "side": "buy",
      "size": "1.41",
      "symbol": "XION-USDT",
      "takerOrderId": "675179b23ecf43000768e7fa",
      "time": "1733392818503000000",
      "tradeId": "6011208828598273",
      "type": "match",
      "time_received": "10:00:18.5426"
    },
    {
      "makerOrderId": "67515b2d9574f3000735c303",
      "price": "7",
      "sequence": "6011208867395587",
      "side": "buy",
      "size": "213.67",
      "symbol": "XION-USDT",
      "takerOrderId": "675179b23bb37e00077c1f75",
      "time": "1733392818579000000",
      "tradeId": "6011208867395587",
      "type": "match",
      "time_received": "10:00:18.6208"
    },
    {
      "makerOrderId": "67515b2d9574f3000735c303",
      "price": "7",
      "sequence": "6011208908158977",
      "side": "buy",
      "size": "1.41",
      "symbol": "XION-USDT",
      "takerOrderId": "675179b2fe36bf00072a9b97",
      "time": "1733392818685000000",
      "tradeId": "6011208908158977",
      "type": "match",
      "time_received": "10:00:18.7292"
    },
    {
      "makerOrderId": "67515b2d9574f3000735c303",
      "price": "7",
      "sequence": "6011208957310977",
      "side": "buy",
      "size": "41.6",
      "symbol": "XION-USDT",
      "takerOrderId": "675179b2716ab30007f6df33",
      "time": "1733392818794000000",
      "tradeId": "6011208957310977",
      "type": "match",
      "time_received": "10:00:18.8333"
    },
    {
      "makerOrderId": "675179a6aef36e0007aef09a",
      "price": "7.15",
      "sequence": "6011209163356161",
      "side": "buy",
      "size": "1.38",
      "symbol": "XION-USDT",
      "takerOrderId": "675179b31e1c9e000757ef3a",
      "time": "1733392819218000000",
      "tradeId": "6011209163356161",
      "type": "match",
      "time_received": "10:00:19.2599"
    },
    {
      "makerOrderId": "675179b3b1d2ab000790c4cb",
      "price": "7.072",
      "sequence": "6011209550804993",
      "side": "sell",
      "size": "70.97",
      "symbol": "XION-USDT",
      "takerOrderId": "675179b4aef36e0007af535d",
      "time": "1733392820252000000",
      "tradeId": "6011209550804993",
      "type": "match",
      "time_received": "10:00:20.2951"
    },
    {
      "makerOrderId": "675179b53bb37e00077c2f40",
      "price": "7.0245",
      "sequence": "6011209906534401",
      "side": "sell",
      "size": "7.06",
      "symbol": "XION-USDT",
      "takerOrderId": "675179b5a398ab00079cee2a",
      "time": "1733392821219000000",
      "tradeId": "6011209906534401",
      "type": "match",
      "time_received": "10:00:21.2731"
    },
    {
      "makerOrderId": "675179b5716ab30007f6edbe",
      "price": "7.0245",
      "sequence": "6011209906534404",
      "side": "sell",
      "size": "7.06",
      "symbol": "XION-USDT",
      "takerOrderId": "675179b5a398ab00079cee2a",
      "time": "1733392821219000000",
      "tradeId": "6011209906534404",
      "type": "match",
      "time_received": "10:00:21.2731"
    },
    {
      "makerOrderId": "675179b4e7750000071e7ba1",
      "price": "6.9626",
      "sequence": "6011209906534407",
      "side": "sell",
      "size": "14.36",
      "symbol": "XION-USDT",
      "takerOrderId": "675179b5a398ab00079cee2a",
      "time": "1733392821219000000",
      "tradeId": "6011209906534407",
      "type": "match",
      "time_received": "10:00:21.2732"
    },
    {
      "makerOrderId": "675179b49574f3000714b43e",
      "price": "6.9532",
      "sequence": "6011209906534410",
      "side": "sell",
      "size": "14.39",
      "symbol": "XION-USDT",
      "takerOrderId": "675179b5a398ab00079cee2a",
      "time": "1733392821219000000",
      "tradeId": "6011209906534410",
      "type": "match",
      "time_received": "10:00:21.2732"
    },
    {
      "makerOrderId": "675179b43bb37e00077c2a93",
      "price": "6.9156",
      "sequence": "6011209906534413",
      "side": "sell",
      "size": "36.15",
      "symbol": "XION-USDT",
      "takerOrderId": "675179b5a398ab00079cee2a",
      "time": "1733392821219000000",
      "tradeId": "6011209906534413",
      "type": "match",
      "time_received": "10:00:21.2732"
    },
    {
      "makerOrderId": "675179b28338b900074a3019",
      "price": "6.7984",
      "sequence": "6011209906534416",
      "side": "sell",
      "size": "3.03",
      "symbol": "XION-USDT",
      "takerOrderId": "675179b5a398ab00079cee2a",
      "time": "1733392821219000000",
      "tradeId": "6011209906534416",
      "type": "match",
      "time_received": "10:00:21.2733"
    },
    {
      "makerOrderId": "675179af1ed0d80007fb7d2f",
      "price": "6.78",
      "sequence": "6011209906534419",
      "side": "sell",
      "size": "7.23",
      "symbol": "XION-USDT",
      "takerOrderId": "675179b5a398ab00079cee2a",
      "time": "1733392821219000000",
      "tradeId": "6011209906534419",
      "type": "match",
      "time_received": "10:00:21.2733"
    },
    {
      "makerOrderId": "675179b51e1c9e000757fb70",
      "price": "7.0375",
      "sequence": "6011210098161665",
      "side": "buy",
      "size": "1.52",
      "symbol": "XION-USDT",
      "takerOrderId": "675179b5f517900007e1a833",
      "time": "1733392821843000000",
      "tradeId": "6011210098161665",
      "type": "match",
      "time_received": "10:00:21.8840"
    },
    {
      "makerOrderId": "675179b5f517900007e1a4f6",
      "price": "7.0375",
      "sequence": "6011210098161668",
      "side": "buy",
      "size": "1.51",
      "symbol": "XION-USDT",
      "takerOrderId": "675179b5f517900007e1a833",
      "time": "1733392821843000000",
      "tradeId": "6011210098161668",
      "type": "match",
      "time_received": "10:00:21.8842"
    },
    {
      "makerOrderId": "675179b51ed0d80007fba7ef",
      "price": "7.1249",
      "sequence": "6011210098161671",
      "side": "buy",
      "size": "7.06",
      "symbol": "XION-USDT",
      "takerOrderId": "675179b5f517900007e1a833",
      "time": "1733392821843000000",
      "tradeId": "6011210098161671",
      "type": "match",
      "time_received": "10:00:21.8842"
    },
    {
      "makerOrderId": "675179b5ff2a9e000718a45d",
      "price": "7.1249",
      "sequence": "6011210098161674",
      "side": "buy",
      "size": "7.06",
      "symbol": "XION-USDT",
      "takerOrderId": "675179b5f517900007e1a833",
      "time": "1733392821843000000",
      "tradeId": "6011210098161674",
      "type": "match",
      "time_received": "10:00:21.8843"
    },
    {
      "makerOrderId": "675179b4ff2a9e0007189cdb",
      "price": "7.125",
      "sequence": "6011210098161677",
      "side": "buy",
      "size": "14.03",
      "symbol": "XION-USDT",
      "takerOrderId": "675179b5f517900007e1a833",
      "time": "1733392821843000000",
      "tradeId": "6011210098161677",
      "type": "match",
      "time_received": "10:00:21.8845"
    },
    {
      "makerOrderId": "675179b4b1d2ab000790c5f1",
      "price": "7.13",
      "sequence": "6011210098161680",
      "side": "buy",
      "size": "14.02",
      "symbol": "XION-USDT",
      "takerOrderId": "675179b5f517900007e1a833",
      "time": "1733392821843000000",
      "tradeId": "6011210098161680",
      "type": "match",
      "time_received": "10:00:21.8846"
    },
    {
      "makerOrderId": "675179a6aef36e0007aef09a",
      "price": "7.15",
      "sequence": "6011210098161683",
      "side": "buy",
      "size": "0.62",
      "symbol": "XION-USDT",
      "takerOrderId": "675179b5f517900007e1a833",
      "time": "1733392821843000000",
      "tradeId": "6011210098161683",
      "type": "match",
      "time_received": "10:00:21.8846"
    },
    {
      "makerOrderId": "675179b49574f3000714af9d",
      "price": "7.155",
      "sequence": "6011210098161686",
      "side": "buy",
      "size": "7.51",
      "symbol": "XION-USDT",
      "takerOrderId": "675179b5f517900007e1a833",
      "time": "1733392821843000000",
      "tradeId": "6011210098161686",
      "type": "match",
      "time_received": "10:00:21.8848"
    },
    {
      "makerOrderId": "675179b49574f3000714af9d",
      "price": "7.155",
      "sequence": "6011210334222337",
      "side": "buy",
      "size": "6.46",
      "symbol": "XION-USDT",
      "takerOrderId": "675179b62e6b3a000745ac7d",
      "time": "1733392822408000000",
      "tradeId": "6011210334222337",
      "type": "match",
      "time_received": "10:00:22.4474"
    },
    {
      "makerOrderId": "675179b33ecf43000768f22c",
      "price": "7.185",
      "sequence": "6011210334222340",
      "side": "buy",
      "size": "13.91",
      "symbol": "XION-USDT",
      "takerOrderId": "675179b62e6b3a000745ac7d",
      "time": "1733392822408000000",
      "tradeId": "6011210334222340",
      "type": "match",
      "time_received": "10:00:22.4474"
    },
    {
      "makerOrderId": "675179b33bb37e00077c27fa",
      "price": "7.2",
      "sequence": "6011210334222343",
      "side": "buy",
      "size": "13.88",
      "symbol": "XION-USDT",
      "takerOrderId": "675179b62e6b3a000745ac7d",
      "time": "1733392822408000000",
      "tradeId": "6011210334222343",
      "type": "match",
      "time_received": "10:00:22.4476"
    },
    {
      "makerOrderId": "675179b3fe36bf00072aa23b",
      "price": "7.21",
      "sequence": "6011210334222346",
      "side": "buy",
      "size": "13.86",
      "symbol": "XION-USDT",
      "takerOrderId": "675179b62e6b3a000745ac7d",
      "time": "1733392822408000000",
      "tradeId": "6011210334222346",
      "type": "match",
      "time_received": "10:00:22.4476"
    },
    {
      "makerOrderId": "675179b3aef36e0007af4f28",
      "price": "7.225",
      "sequence": "6011210334222349",
      "side": "buy",
      "size": "13.84",
      "symbol": "XION-USDT",
      "takerOrderId": "675179b62e6b3a000745ac7d",
      "time": "1733392822408000000",
      "tradeId": "6011210334222349",
      "type": "match",
      "time_received": "10:00:22.4486"
    },
    {
      "makerOrderId": "675179b62e6b3a000745ac7d",
      "price": "7.225",
      "sequence": "6011210796382209",
      "side": "sell",
      "size": "42.63",
      "symbol": "XION-USDT",
      "takerOrderId": "675179b78338b900074a4def",
      "time": "1733392823653000000",
      "tradeId": "6011210796382209",
      "type": "match",
      "time_received": "10:00:23.6925"
    },
    {
      "makerOrderId": "675179b341bdfd0007a4f6eb",
      "price": "7.25",
      "sequence": "6011210802935809",
      "side": "buy",
      "size": "2.14",
      "symbol": "XION-USDT",
      "takerOrderId": "675179b7fd80ce000787b198",
      "time": "1733392823669000000",
      "tradeId": "6011210802935809",
      "type": "match",
      "time_received": "10:00:23.7050"
    },
    {
      "makerOrderId": "675179b341bdfd0007a4f6eb",
      "price": "7.25",
      "sequence": "6011210924570625",
      "side": "buy",
      "size": "11.65",
      "symbol": "XION-USDT",
      "takerOrderId": "675179b7716ab30007f70051",
      "time": "1733392823903000000",
      "tradeId": "6011210924570625",
      "type": "match",
      "time_received": "10:00:23.9451"
    },
    {
      "makerOrderId": "675179b3e7750000071e7208",
      "price": "7.26",
      "sequence": "6011210924570628",
      "side": "buy",
      "size": "13.77",
      "symbol": "XION-USDT",
      "takerOrderId": "675179b7716ab30007f70051",
      "time": "1733392823903000000",
      "tradeId": "6011210924570628",
      "type": "match",
      "time_received": "10:00:23.9451"
    },
    {
      "makerOrderId": "675179b3ff2a9e0007189588",
      "price": "7.275",
      "sequence": "6011210924570631",
      "side": "buy",
      "size": "13.74",
      "symbol": "XION-USDT",
      "takerOrderId": "675179b7716ab30007f70051",
      "time": "1733392823903000000",
      "tradeId": "6011210924570631",
      "type": "match",
      "time_received": "10:00:23.9452"
    },
    {
      "makerOrderId": "675179b2ecb8b20007b3ff48",
      "price": "7.3956",
      "sequence": "6011211285280769",
      "side": "buy",
      "size": "7.01",
      "symbol": "XION-USDT",
      "takerOrderId": "675179b81ed0d80007fbbe33",
      "time": "1733392824861000000",
      "tradeId": "6011211285280769",
      "type": "match",
      "time_received": "10:00:24.9025"
    },
    {
      "makerOrderId": "675179b841bdfd0007a515c2",
      "price": "7.6125",
      "sequence": "6011212292175873",
      "side": "buy",
      "size": "2.14",
      "symbol": "XION-USDT",
      "takerOrderId": "675179bbecb8b20007b43969",
      "time": "1733392827443000000",
      "tradeId": "6011212292175873",
      "type": "match",
      "time_received": "10:00:27.4849"
    },
    {
      "makerOrderId": "675179bbecb8b20007b43969",
      "price": "7.7172",
      "sequence": "6011212303972353",
      "side": "sell",
      "size": "7.57",
      "symbol": "XION-USDT",
      "takerOrderId": "675179bbb1d2ab000790f557",
      "time": "1733392827469000000",
      "tradeId": "6011212303972353",
      "type": "match",
      "time_received": "10:00:27.5121"
    },
    {
      "makerOrderId": "675179bba398ab00079d168c",
      "price": "7.5",
      "sequence": "6011212303972356",
      "side": "sell",
      "size": "20.04",
      "symbol": "XION-USDT",
      "takerOrderId": "675179bbb1d2ab000790f557",
      "time": "1733392827469000000",
      "tradeId": "6011212303972356",
      "type": "match",
      "time_received": "10:00:27.5122"
    },
    {
      "makerOrderId": "675179baaef36e0007af7b72",
      "price": "7.4693",
      "sequence": "6011212303972359",
      "side": "sell",
      "size": "33.47",
      "symbol": "XION-USDT",
      "takerOrderId": "675179bbb1d2ab000790f557",
      "time": "1733392827469000000",
      "tradeId": "6011212303972359",
      "type": "match",
      "time_received": "10:00:27.5123"
    },
    {
      "makerOrderId": "675179bbb1d2ab000790f557",
      "price": "7.45",
      "sequence": "6011212309608449",
      "side": "buy",
      "size": "2.74",
      "symbol": "XION-USDT",
      "takerOrderId": "675179bb41bdfd0007a529c6",
      "time": "1733392827487000000",
      "tradeId": "6011212309608449",
      "type": "match",
      "time_received": "10:00:27.5280"
    },
    {
      "makerOrderId": "675179bbb1d2ab000790f557",
      "price": "7.45",
      "sequence": "6011212541212673",
      "side": "buy",
      "size": "9.71",
      "symbol": "XION-USDT",
      "takerOrderId": "675179bc9574f3000714e288",
      "time": "1733392828042000000",
      "tradeId": "6011212541212673",
      "type": "match",
      "time_received": "10:00:28.0850"
    },
    {
      "makerOrderId": "675179bafd80ce000787c54c",
      "price": "7.4467",
      "sequence": "6011212837042177",
      "side": "sell",
      "size": "33.57",
      "symbol": "XION-USDT",
      "takerOrderId": "675179bcfd061e0007a5f1e0",
      "time": "1733392828873000000",
      "tradeId": "6011212837042177",
      "type": "match",
      "time_received": "10:00:28.9149"
    },
    {
      "makerOrderId": "675179bc2e6b3a000745d1d7",
      "price": "7.4326",
      "sequence": "6011212837042180",
      "side": "sell",
      "size": "13.46",
      "symbol": "XION-USDT",
      "takerOrderId": "675179bcfd061e0007a5f1e0",
      "time": "1733392828873000000",
      "tradeId": "6011212837042180",
      "type": "match",
      "time_received": "10:00:28.9150"
    },
    {
      "makerOrderId": "675179bafe36bf00072acc80",
      "price": "7.4128",
      "sequence": "6011212837042183",
      "side": "sell",
      "size": "33.72",
      "symbol": "XION-USDT",
      "takerOrderId": "675179bcfd061e0007a5f1e0",
      "time": "1733392828873000000",
      "tradeId": "6011212837042183",
      "type": "match",
      "time_received": "10:00:28.9152"
    },
    {
      "makerOrderId": "675179bb3bb37e00077c5ad5",
      "price": "7.3686",
      "sequence": "6011212837042186",
      "side": "sell",
      "size": "13.58",
      "symbol": "XION-USDT",
      "takerOrderId": "675179bcfd061e0007a5f1e0",
      "time": "1733392828873000000",
      "tradeId": "6011212837042186",
      "type": "match",
      "time_received": "10:00:28.9159"
    },
    {
      "makerOrderId": "675179bcfd061e0007a5f1e0",
      "price": "7.366",
      "sequence": "6011212897335297",
      "side": "buy",
      "size": "1.67",
      "symbol": "XION-USDT",
      "takerOrderId": "675179bca398ab00079d1fb1",
      "time": "1733392828993000000",
      "tradeId": "6011212897335297",
      "type": "match",
      "time_received": "10:00:29.0331"
    },
    {
      "makerOrderId": "675179bca398ab00079d1fb1",
      "price": "7.45",
      "sequence": "6011212910180353",
      "side": "sell",
      "size": "2.74",
      "symbol": "XION-USDT",
      "takerOrderId": "675179bdf517900007e1d5d8",
      "time": "1733392829038000000",
      "tradeId": "6011212910180353",
      "type": "match",
      "time_received": "10:00:29.0800"
    },
    {
      "makerOrderId": "675179bc3ecf4300076929d9",
      "price": "7.78",
      "sequence": "6011213390690305",
      "side": "buy",
      "size": "12.9",
      "symbol": "XION-USDT",
      "takerOrderId": "675179bef517900007e1de7c",
      "time": "1733392830205000000",
      "tradeId": "6011213390690305",
      "type": "match",
      "time_received": "10:00:30.2465"
    },
    {
      "makerOrderId": "675179bc3ecf4300076929d9",
      "price": "7.78",
      "sequence": "6011213833975809",
      "side": "buy",
      "size": "1.05",
      "symbol": "XION-USDT",
      "takerOrderId": "675179bfa398ab00079d3048",
      "time": "1733392831417000000",
      "tradeId": "6011213833975809",
      "type": "match",
      "time_received": "10:00:31.4602"
    },
    {
      "makerOrderId": "675179c03bb37e00077c7a42",
      "price": "7.632",
      "sequence": "6011214425241601",
      "side": "sell",
      "size": "39.3",
      "symbol": "XION-USDT",
      "takerOrderId": "675179c0e7750000071ec84d",
      "time": "1733392832899000000",
      "tradeId": "6011214425241601",
      "type": "match",
      "time_received": "10:00:32.9387"
    },
    {
      "makerOrderId": "675179c0ecb8b20007b4576a",
      "price": "7.584",
      "sequence": "6011214425241604",
      "side": "sell",
      "size": "15.41",
      "symbol": "XION-USDT",
      "takerOrderId": "675179c0e7750000071ec84d",
      "time": "1733392832899000000",
      "tradeId": "6011214425241604",
      "type": "match",
      "time_received": "10:00:32.9387"
    },
    {
      "makerOrderId": "675179c0ecb8b20007b4576a",
      "price": "7.584",
      "sequence": "6011214444247041",
      "side": "sell",
      "size": "2",
      "symbol": "XION-USDT",
      "takerOrderId": "675179c0fe36bf00072af5d7",
      "time": "1733392832969000000",
      "tradeId": "6011214444247041",
      "type": "match",
      "time_received": "10:00:33.0051"
    },
    {
      "makerOrderId": "675179bc3ecf4300076929d9",
      "price": "7.78",
      "sequence": "6011214566537217",
      "side": "buy",
      "size": "6.61",
      "symbol": "XION-USDT",
      "takerOrderId": "675179c1ecb8b20007b45eaf",
      "time": "1733392833423000000",
      "tradeId": "6011214566537217",
      "type": "match",
      "time_received": "10:00:33.4607"
    },
    {
      "makerOrderId": "675179be716ab30007f72a64",
      "price": "7.8273",
      "sequence": "6011214566537220",
      "side": "buy",
      "size": "6.98",
      "symbol": "XION-USDT",
      "takerOrderId": "675179c1ecb8b20007b45eaf",
      "time": "1733392833423000000",
      "tradeId": "6011214566537220",
      "type": "match",
      "time_received": "10:00:33.4608"
    },
    {
      "makerOrderId": "675179c07cf7ff0007a883d9",
      "price": "7.936",
      "sequence": "6011214653962241",
      "side": "buy",
      "size": "10.7",
      "symbol": "XION-USDT",
      "takerOrderId": "675179c1ff2a9e000718f10a",
      "time": "1733392833664000000",
      "tradeId": "6011214653962241",
      "type": "match",
      "time_received": "10:00:33.7022"
    },
    {
      "makerOrderId": "675179c2a398ab00079d4164",
      "price": "7.64",
      "sequence": "6011215216261121",
      "side": "buy",
      "size": "12.91",
      "symbol": "XION-USDT",
      "takerOrderId": "675179c32e6b3a000745fd9b",
      "time": "1733392835251000000",
      "tradeId": "6011215216261121",
      "type": "match",
      "time_received": "10:00:35.2870"
    },
    {
      "makerOrderId": "675179c2a398ab00079d4164",
      "price": "7.64",
      "sequence": "6011215275898881",
      "side": "buy",
      "size": "26.08",
      "symbol": "XION-USDT",
      "takerOrderId": "675179c3aef36e0007afb26f",
      "time": "1733392835436000000",
      "tradeId": "6011215275898881",
      "type": "match",
      "time_received": "10:00:35.4765"
    },
    {
      "makerOrderId": "675179c2a398ab00079d4164",
      "price": "7.64",
      "sequence": "6011215295428609",
      "side": "buy",
      "size": "8.39",
      "symbol": "XION-USDT",
      "takerOrderId": "675179c3b1d2ab0007912714",
      "time": "1733392835507000000",
      "tradeId": "6011215295428609",
      "type": "match",
      "time_received": "10:00:35.5487"
    },
    {
      "makerOrderId": "675179c2a398ab00079d4164",
      "price": "7.64",
      "sequence": "6011215303817217",
      "side": "buy",
      "size": "4.17",
      "symbol": "XION-USDT",
      "takerOrderId": "675179c31e1c9e000758555a",
      "time": "1733392835530000000",
      "tradeId": "6011215303817217",
      "type": "match",
      "time_received": "10:00:35.5694"
    },
    {
      "makerOrderId": "675179c31e1c9e000758555a",
      "price": "7.6676",
      "sequence": "6011215557441537",
      "side": "sell",
      "size": "21.91",
      "symbol": "XION-USDT",
      "takerOrderId": "675179c4a398ab00079d4d94",
      "time": "1733392836282000000",
      "tradeId": "6011215557441537",
      "type": "match",
      "time_received": "10:00:36.3234"
    },
    {
      "makerOrderId": "675179c38338b900074a9928",
      "price": "7.6676",
      "sequence": "6011215557441540",
      "side": "sell",
      "size": "4.42",
      "symbol": "XION-USDT",
      "takerOrderId": "675179c4a398ab00079d4d94",
      "time": "1733392836282000000",
      "tradeId": "6011215557441540",
      "type": "match",
      "time_received": "10:00:36.3235"
    },
    {
      "makerOrderId": "675179c38338b900074a9928",
      "price": "7.6676",
      "sequence": "6011215557703681",
      "side": "sell",
      "size": "21.66",
      "symbol": "XION-USDT",
      "takerOrderId": "675179c4fd80ce0007880230",
      "time": "1733392836283000000",
      "tradeId": "6011215557703681",
      "type": "match",
      "time_received": "10:00:36.3236"
    },
    {
      "makerOrderId": "675179c31ed0d80007fc0134",
      "price": "7.644",
      "sequence": "6011215557965825",
      "side": "sell",
      "size": "59.31",
      "symbol": "XION-USDT",
      "takerOrderId": "675179c41ed0d80007fc042c",
      "time": "1733392836284000000",
      "tradeId": "6011215557965825",
      "type": "match",
      "time_received": "10:00:36.3237"
    },
    {
      "makerOrderId": "675179c31ed0d80007fc0134",
      "price": "7.644",
      "sequence": "6011215563995137",
      "side": "sell",
      "size": "6.1",
      "symbol": "XION-USDT",
      "takerOrderId": "675179c4fd061e0007a62015",
      "time": "1733392836304000000",
      "tradeId": "6011215563995137",
      "type": "match",
      "time_received": "10:00:36.3452"
    },
    {
      "makerOrderId": "675179c49574f300071513d5",
      "price": "7.6208",
      "sequence": "6011215563995140",
      "side": "sell",
      "size": "6.44",
      "symbol": "XION-USDT",
      "takerOrderId": "675179c4fd061e0007a62015",
      "time": "1733392836304000000",
      "tradeId": "6011215563995140",
      "type": "match",
      "time_received": "10:00:36.3453"
    },
    {
      "makerOrderId": "675179c47cf7ff0007a896a0",
      "price": "7.6208",
      "sequence": "6011215563995143",
      "side": "sell",
      "size": "6.44",
      "symbol": "XION-USDT",
      "takerOrderId": "675179c4fd061e0007a62015",
      "time": "1733392836304000000",
      "tradeId": "6011215563995143",
      "type": "match",
      "time_received": "10:00:36.3453"
    },
    {
      "makerOrderId": "675179c18338b900074a8c2e",
      "price": "7.5694",
      "sequence": "6011215563995146",
      "side": "sell",
      "size": "2.72",
      "symbol": "XION-USDT",
      "takerOrderId": "675179c4fd061e0007a62015",
      "time": "1733392836304000000",
      "tradeId": "6011215563995146",
      "type": "match",
      "time_received": "10:00:36.3453"
    },
    {
      "makerOrderId": "675179c4fd061e0007a62015",
      "price": "7.5564",
      "sequence": "6011215567796225",
      "side": "buy",
      "size": "6.56",
      "symbol": "XION-USDT",
      "takerOrderId": "675179c4aef36e0007afb70e",
      "time": "1733392836316000000",
      "tradeId": "6011215567796225",
      "type": "match",
      "time_received": "10:00:36.3585"
    },
    {
      "makerOrderId": "675179c4fd061e0007a62015",
      "price": "7.5564",
      "sequence": "6011215586146305",
      "side": "buy",
      "size": "7.36",
      "symbol": "XION-USDT",
      "takerOrderId": "675179c41e1c9e00075859c7",
      "time": "1733392836370000000",
      "tradeId": "6011215586146305",
      "type": "match",
      "time_received": "10:00:36.4097"
    },
    {
      "makerOrderId": "675179c4fd061e0007a62015",
      "price": "7.5564",
      "sequence": "6011215671998465",
      "side": "buy",
      "size": "3.12",
      "symbol": "XION-USDT",
      "takerOrderId": "675179c4e7750000071edd37",
      "time": "1733392836626000000",
      "tradeId": "6011215671998465",
      "type": "match",
      "time_received": "10:00:36.6673"
    },
    {
      "makerOrderId": "675179c47cf7ff0007a897fe",
      "price": "7.5939",
      "sequence": "6011215671998468",
      "side": "buy",
      "size": "3.39",
      "symbol": "XION-USDT",
      "takerOrderId": "675179c4e7750000071edd37",
      "time": "1733392836626000000",
      "tradeId": "6011215671998468",
      "type": "match",
      "time_received": "10:00:36.6674"
    },
    {
      "makerOrderId": "675179c47cf7ff0007a897fe",
      "price": "7.5939",
      "sequence": "6011215672129537",
      "side": "buy",
      "size": "6.51",
      "symbol": "XION-USDT",
      "takerOrderId": "675179c4aef36e0007afb8c2",
      "time": "1733392836626000000",
      "tradeId": "6011215672129537",
      "type": "match",
      "time_received": "10:00:36.6676"
    },
    {
      "makerOrderId": "675179c42e6b3a00074605c0",
      "price": "7.5537",
      "sequence": "6011215748282369",
      "side": "buy",
      "size": "6.61",
      "symbol": "XION-USDT",
      "takerOrderId": "675179c4aef36e0007afba43",
      "time": "1733392836835000000",
      "tradeId": "6011215748282369",
      "type": "match",
      "time_received": "10:00:36.8770"
    },
    {
      "makerOrderId": "675179c5fd80ce000788072b",
      "price": "7.5735",
      "sequence": "6011215958521857",
      "side": "buy",
      "size": "14.36",
      "symbol": "XION-USDT",
      "takerOrderId": "675179c53bb37e00077c9595",
      "time": "1733392837451000000",
      "tradeId": "6011215958521857",
      "type": "match",
      "time_received": "10:00:37.4922"
    },
    {
      "makerOrderId": "675179c5ecb8b20007b4745c",
      "price": "7.7502",
      "sequence": "6011215958521860",
      "side": "buy",
      "size": "6.44",
      "symbol": "XION-USDT",
      "takerOrderId": "675179c53bb37e00077c9595",
      "time": "1733392837451000000",
      "tradeId": "6011215958521860",
      "type": "match",
      "time_received": "10:00:37.4922"
    },
    {
      "makerOrderId": "675179c53bb37e00077c942b",
      "price": "7.7502",
      "sequence": "6011215958521863",
      "side": "buy",
      "size": "6.44",
      "symbol": "XION-USDT",
      "takerOrderId": "675179c53bb37e00077c9595",
      "time": "1733392837451000000",
      "tradeId": "6011215958521863",
      "type": "match",
      "time_received": "10:00:37.4923"
    },
    {
      "makerOrderId": "675179c441bdfd0007a55f66",
      "price": "7.8301",
      "sequence": "6011215958521866",
      "side": "buy",
      "size": "0.57",
      "symbol": "XION-USDT",
      "takerOrderId": "675179c53bb37e00077c9595",
      "time": "1733392837451000000",
      "tradeId": "6011215958521866",
      "type": "match",
      "time_received": "10:00:37.4924"
    },
    {
      "makerOrderId": "675179c58338b900074aa4cf",
      "price": "7.4002",
      "sequence": "6011216126294017",
      "side": "sell",
      "size": "6.55",
      "symbol": "XION-USDT",
      "takerOrderId": "675179c5fd80ce0007880c1d",
      "time": "1733392837901000000",
      "tradeId": "6011216126294017",
      "type": "match",
      "time_received": "10:00:37.9418"
    },
    {
      "makerOrderId": "675179c58338b900074aa4e0",
      "price": "7.4002",
      "sequence": "6011216126294020",
      "side": "sell",
      "size": "6.55",
      "symbol": "XION-USDT",
      "takerOrderId": "675179c5fd80ce0007880c1d",
      "time": "1733392837901000000",
      "tradeId": "6011216126294020",
      "type": "match",
      "time_received": "10:00:37.9419"
    },
    {
      "makerOrderId": "675179c4ff2a9e000719017c",
      "price": "7.4001",
      "sequence": "6011216126294023",
      "side": "sell",
      "size": "6.32",
      "symbol": "XION-USDT",
      "takerOrderId": "675179c5fd80ce0007880c1d",
      "time": "1733392837901000000",
      "tradeId": "6011216126294023",
      "type": "match",
      "time_received": "10:00:37.9419"
    },
    {
      "makerOrderId": "675179c4ff2a9e000719017c",
      "price": "7.4001",
      "sequence": "6011216153163777",
      "side": "sell",
      "size": "0.37",
      "symbol": "XION-USDT",
      "takerOrderId": "675179c61ed0d80007fc0e9b",
      "time": "1733392838006000000",
      "tradeId": "6011216153163777",
      "type": "match",
      "time_received": "10:00:38.0426"
    },
    {
      "makerOrderId": "675179c29574f30007150d33",
      "price": "7.4",
      "sequence": "6011216153163780",
      "side": "sell",
      "size": "1.78",
      "symbol": "XION-USDT",
      "takerOrderId": "675179c61ed0d80007fc0e9b",
      "time": "1733392838006000000",
      "tradeId": "6011216153163780",
      "type": "match",
      "time_received": "10:00:38.0429"
    },
    {
      "makerOrderId": "675179c38338b900074a9881",
      "price": "7.86",
      "sequence": "6011216167712769",
      "side": "buy",
      "size": "20.35",
      "symbol": "XION-USDT",
      "takerOrderId": "675179c63ecf4300076962ff",
      "time": "1733392838051000000",
      "tradeId": "6011216167712769",
      "type": "match",
      "time_received": "10:00:38.0926"
    },
    {
      "makerOrderId": "675179c3fd061e0007a61d22",
      "price": "7.874",
      "sequence": "6011216167712772",
      "side": "buy",
      "size": "101.6",
      "symbol": "XION-USDT",
      "takerOrderId": "675179c63ecf4300076962ff",
      "time": "1733392838051000000",
      "tradeId": "6011216167712772",
      "type": "match",
      "time_received": "10:00:38.0927"
    },
    {
      "makerOrderId": "675179c07cf7ff0007a883d9",
      "price": "7.936",
      "sequence": "6011216167712775",
      "side": "buy",
      "size": "90.1",
      "symbol": "XION-USDT",
      "takerOrderId": "675179c63ecf4300076962ff",
      "time": "1733392838051000000",
      "tradeId": "6011216167712775",
      "type": "match",
      "time_received": "10:00:38.0928"
    },
    {
      "makerOrderId": "675179c1fd80ce000787ef5c",
      "price": "7.998",
      "sequence": "6011216167712778",
      "side": "buy",
      "size": "100.02",
      "symbol": "XION-USDT",
      "takerOrderId": "675179c63ecf4300076962ff",
      "time": "1733392838051000000",
      "tradeId": "6011216167712778",
      "type": "match",
      "time_received": "10:00:38.0928"
    },
    {
      "makerOrderId": "67515b2c2e6b3a000766ce95",
      "price": "8",
      "sequence": "6011216167712781",
      "side": "buy",
      "size": "336.62",
      "symbol": "XION-USDT",
      "takerOrderId": "675179c63ecf4300076962ff",
      "time": "1733392838051000000",
      "tradeId": "6011216167712781",
      "type": "match",
      "time_received": "10:00:38.0929"
    },
    {
      "makerOrderId": "675179c63bb37e00077c9a90",
      "price": "7.584",
      "sequence": "6011216476911617",
      "side": "buy",
      "size": "10",
      "symbol": "XION-USDT",
      "takerOrderId": "675179c6ecb8b20007b47f28",
      "time": "1733392838994000000",
      "tradeId": "6011216476911617",
      "type": "match",
      "time_received": "10:00:39.0352"
    },
    {
      "makerOrderId": "675179c63bb37e00077c9a90",
      "price": "7.584",
      "sequence": "6011216569317377",
      "side": "buy",
      "size": "62.53",
      "symbol": "XION-USDT",
      "takerOrderId": "675179c741bdfd0007a57163",
      "time": "1733392839174000000",
      "tradeId": "6011216569317377",
      "type": "match",
      "time_received": "10:00:39.2142"
    },
    {
      "makerOrderId": "675179c6f517900007e2113a",
      "price": "7.83",
      "sequence": "6011216569317380",
      "side": "buy",
      "size": "78.24",
      "symbol": "XION-USDT",
      "takerOrderId": "675179c741bdfd0007a57163",
      "time": "1733392839174000000",
      "tradeId": "6011216569317380",
      "type": "match",
      "time_received": "10:00:39.2143"
    },
    {
      "makerOrderId": "675179c63ecf430007696689",
      "price": "7.9998",
      "sequence": "6011216569317383",
      "side": "buy",
      "size": "6.62",
      "symbol": "XION-USDT",
      "takerOrderId": "675179c741bdfd0007a57163",
      "time": "1733392839174000000",
      "tradeId": "6011216569317383",
      "type": "match",
      "time_received": "10:00:39.2147"
    },
    {
      "makerOrderId": "675179c68338b900074aab0e",
      "price": "7.9998",
      "sequence": "6011216569317386",
      "side": "buy",
      "size": "6.55",
      "symbol": "XION-USDT",
      "takerOrderId": "675179c741bdfd0007a57163",
      "time": "1733392839174000000",
      "tradeId": "6011216569317386",
      "type": "match",
      "time_received": "10:00:39.2148"
    },
    {
      "makerOrderId": "675179c6716ab30007f75b63",
      "price": "7.9998",
      "sequence": "6011216569317389",
      "side": "buy",
      "size": "6.55",
      "symbol": "XION-USDT",
      "takerOrderId": "675179c741bdfd0007a57163",
      "time": "1733392839174000000",
      "tradeId": "6011216569317389",
      "type": "match",
      "time_received": "10:00:39.2148"
    },
    {
      "makerOrderId": "67515b2c2e6b3a000766ce95",
      "price": "8",
      "sequence": "6011216569317392",
      "side": "buy",
      "size": "131.51",
      "symbol": "XION-USDT",
      "takerOrderId": "675179c741bdfd0007a57163",
      "time": "1733392839174000000",
      "tradeId": "6011216569317392",
      "type": "match",
      "time_received": "10:00:39.2148"
    },
    {
      "makerOrderId": "675179c7fd061e0007a6360a",
      "price": "7.936",
      "sequence": "6011216798693377",
      "side": "sell",
      "size": "6.3",
      "symbol": "XION-USDT",
      "takerOrderId": "675179c7a398ab00079d63c5",
      "time": "1733392839848000000",
      "tradeId": "6011216798693377",
      "type": "match",
      "time_received": "10:00:39.8899"
    },
    {
      "makerOrderId": "675179c72e6b3a0007461ad4",
      "price": "7.7679",
      "sequence": "6011217554978817",
      "side": "sell",
      "size": "2.65",
      "symbol": "XION-USDT",
      "takerOrderId": "675179c92e6b3a000746257b",
      "time": "1733392841645000000",
      "tradeId": "6011217554978817",
      "type": "match",
      "time_received": "10:00:41.6838"
    },
    {
      "makerOrderId": "675179c93ecf430007697790",
      "price": "7.7193",
      "sequence": "6011217554978820",
      "side": "sell",
      "size": "1.29",
      "symbol": "XION-USDT",
      "takerOrderId": "675179c92e6b3a000746257b",
      "time": "1733392841645000000",
      "tradeId": "6011217554978820",
      "type": "match",
      "time_received": "10:00:41.6839"
    },
    {
      "makerOrderId": "675179c7fe36bf00072b1def",
      "price": "7.719",
      "sequence": "6011217554978823",
      "side": "sell",
      "size": "0.47",
      "symbol": "XION-USDT",
      "takerOrderId": "675179c92e6b3a000746257b",
      "time": "1733392841645000000",
      "tradeId": "6011217554978823",
      "type": "match",
      "time_received": "10:00:41.6840"
    },
    {
      "makerOrderId": "675179c9f517900007e22617",
      "price": "7.776",
      "sequence": "6011217607407617",
      "side": "sell",
      "size": "7.36",
      "symbol": "XION-USDT",
      "takerOrderId": "675179c941bdfd0007a5820b",
      "time": "1733392841829000000",
      "tradeId": "6011217607407617",
      "type": "match",
      "time_received": "10:00:41.8700"
    },
    {
      "makerOrderId": "675179c9fd061e0007a641eb",
      "price": "7.902",
      "sequence": "6011218002458625",
      "side": "buy",
      "size": "1.33",
      "symbol": "XION-USDT",
      "takerOrderId": "675179ca7cf7ff0007a8c177",
      "time": "1733392842750000000",
      "tradeId": "6011218002458625",
      "type": "match",
      "time_received": "10:00:42.7970"
    },
    {
      "makerOrderId": "675179c9b1d2ab0007914d89",
      "price": "7.902",
      "sequence": "6011218002458628",
      "side": "buy",
      "size": "1.32",
      "symbol": "XION-USDT",
      "takerOrderId": "675179ca7cf7ff0007a8c177",
      "time": "1733392842750000000",
      "tradeId": "6011218002458628",
      "type": "match",
      "time_received": "10:00:42.7971"
    },
    {
      "makerOrderId": "675179ca7cf7ff0007a8c08e",
      "price": "7.9356",
      "sequence": "6011218002458631",
      "side": "buy",
      "size": "1.29",
      "symbol": "XION-USDT",
      "takerOrderId": "675179ca7cf7ff0007a8c177",
      "time": "1733392842750000000",
      "tradeId": "6011218002458631",
      "type": "match",
      "time_received": "10:00:42.7971"
    },
    {
      "makerOrderId": "675179c7a398ab00079d63c5",
      "price": "7.936",
      "sequence": "6011218002458634",
      "side": "buy",
      "size": "33.71",
      "symbol": "XION-USDT",
      "takerOrderId": "675179ca7cf7ff0007a8c177",
      "time": "1733392842750000000",
      "tradeId": "6011218002458634",
      "type": "match",
      "time_received": "10:00:42.7972"
    },
    {
      "makerOrderId": "675179c7a398ab00079d63c5",
      "price": "7.936",
      "sequence": "6011218875136001",
      "side": "buy",
      "size": "60.79",
      "symbol": "XION-USDT",
      "takerOrderId": "675179cc1e1c9e00075892a5",
      "time": "1733392844641000000",
      "tradeId": "6011218875136001",
      "type": "match",
      "time_received": "10:00:44.6823"
    },
    {
      "makerOrderId": "675179c9ff2a9e0007191f86",
      "price": "7.946",
      "sequence": "6011218875136004",
      "side": "buy",
      "size": "12.91",
      "symbol": "XION-USDT",
      "takerOrderId": "675179cc1e1c9e00075892a5",
      "time": "1733392844641000000",
      "tradeId": "6011218875136004",
      "type": "match",
      "time_received": "10:00:44.6824"
    },
    {
      "makerOrderId": "675179c88338b900074ab7c8",
      "price": "7.967",
      "sequence": "6011218875136007",
      "side": "buy",
      "size": "26.1",
      "symbol": "XION-USDT",
      "takerOrderId": "675179cc1e1c9e00075892a5",
      "time": "1733392844641000000",
      "tradeId": "6011218875136007",
      "type": "match",
      "time_received": "10:00:44.6824"
    },
    {
      "makerOrderId": "675179cde7750000071f1a67",
      "price": "7.7901",
      "sequence": "6011219584497665",
      "side": "sell",
      "size": "6.28",
      "symbol": "XION-USDT",
      "takerOrderId": "675179ce3ecf430007699ef2",
      "time": "1733392846497000000",
      "tradeId": "6011219584497665",
      "type": "match",
      "time_received": "10:00:46.5359"
    },
    {
      "makerOrderId": "675179cdf517900007e241fa",
      "price": "7.7901",
      "sequence": "6011219584497668",
      "side": "sell",
      "size": "6.35",
      "symbol": "XION-USDT",
      "takerOrderId": "675179ce3ecf430007699ef2",
      "time": "1733392846497000000",
      "tradeId": "6011219584497668",
      "type": "match",
      "time_received": "10:00:46.5360"
    },
    {
      "makerOrderId": "675179cda398ab00079d8bc5",
      "price": "7.7901",
      "sequence": "6011219584497671",
      "side": "sell",
      "size": "6.35",
      "symbol": "XION-USDT",
      "takerOrderId": "675179ce3ecf430007699ef2",
      "time": "1733392846497000000",
      "tradeId": "6011219584497671",
      "type": "match",
      "time_received": "10:00:46.5361"
    },
    {
      "makerOrderId": "675179cafe36bf00072b35d0",
      "price": "7.79",
      "sequence": "6011219584497674",
      "side": "sell",
      "size": "12.83",
      "symbol": "XION-USDT",
      "takerOrderId": "675179ce3ecf430007699ef2",
      "time": "1733392846497000000",
      "tradeId": "6011219584497674",
      "type": "match",
      "time_received": "10:00:46.5364"
    },
    {
      "makerOrderId": "675179cea398ab00079d91d3",
      "price": "7.7779",
      "sequence": "6011219584497677",
      "side": "sell",
      "size": "12.86",
      "symbol": "XION-USDT",
      "takerOrderId": "675179ce3ecf430007699ef2",
      "time": "1733392846497000000",
      "tradeId": "6011219584497677",
      "type": "match",
      "time_received": "10:00:46.5364"
    },
    {
      "makerOrderId": "675179c9f517900007e22617",
      "price": "7.776",
      "sequence": "6011219584497680",
      "side": "sell",
      "size": "31.22",
      "symbol": "XION-USDT",
      "takerOrderId": "675179ce3ecf430007699ef2",
      "time": "1733392846497000000",
      "tradeId": "6011219584497680",
      "type": "match",
      "time_received": "10:00:46.5365"
    },
    {
      "makerOrderId": "675179ccfe36bf00072b4200",
      "price": "7.7234",
      "sequence": "6011219584497683",
      "side": "sell",
      "size": "6.47",
      "symbol": "XION-USDT",
      "takerOrderId": "675179ce3ecf430007699ef2",
      "time": "1733392846497000000",
      "tradeId": "6011219584497683",
      "type": "match",
      "time_received": "10:00:46.5368"
    },
    {
      "makerOrderId": "675179ccfd061e0007a65998",
      "price": "7.7234",
      "sequence": "6011219584497686",
      "side": "sell",
      "size": "6.47",
      "symbol": "XION-USDT",
      "takerOrderId": "675179ce3ecf430007699ef2",
      "time": "1733392846497000000",
      "tradeId": "6011219584497686",
      "type": "match",
      "time_received": "10:00:46.5369"
    },
    {
      "makerOrderId": "675179cd3ecf43000769997d",
      "price": "7.7234",
      "sequence": "6011219584497689",
      "side": "sell",
      "size": "6.47",
      "symbol": "XION-USDT",
      "takerOrderId": "675179ce3ecf430007699ef2",
      "time": "1733392846497000000",
      "tradeId": "6011219584497689",
      "type": "match",
      "time_received": "10:00:46.5370"
    },
    {
      "makerOrderId": "675179ce716ab30007f78fc2",
      "price": "7.7234",
      "sequence": "6011219584497692",
      "side": "sell",
      "size": "6.47",
      "symbol": "XION-USDT",
      "takerOrderId": "675179ce3ecf430007699ef2",
      "time": "1733392846497000000",
      "tradeId": "6011219584497692",
      "type": "match",
      "time_received": "10:00:46.5372"
    },
    {
      "makerOrderId": "675179c7fe36bf00072b1def",
      "price": "7.719",
      "sequence": "6011219584497695",
      "side": "sell",
      "size": "6",
      "symbol": "XION-USDT",
      "takerOrderId": "675179ce3ecf430007699ef2",
      "time": "1733392846497000000",
      "tradeId": "6011219584497695",
      "type": "match",
      "time_received": "10:00:46.5373"
    },
    {
      "makerOrderId": "675179cc3bb37e00077cca56",
      "price": "7.7132",
      "sequence": "6011219584497698",
      "side": "sell",
      "size": "9.53",
      "symbol": "XION-USDT",
      "takerOrderId": "675179ce3ecf430007699ef2",
      "time": "1733392846497000000",
      "tradeId": "6011219584497698",
      "type": "match",
      "time_received": "10:00:46.5373"
    },
    {
      "makerOrderId": "675179cd3bb37e00077ccdab",
      "price": "7.82",
      "sequence": "6011219692500993",
      "side": "buy",
      "size": "20.46",
      "symbol": "XION-USDT",
      "takerOrderId": "675179ce9574f30007155d0d",
      "time": "1733392846705000000",
      "tradeId": "6011219692500993",
      "type": "match",
      "time_received": "10:00:46.7564"
    },
    {
      "makerOrderId": "675179c88338b900074ab7c8",
      "price": "7.967",
      "sequence": "6011219692500996",
      "side": "buy",
      "size": "42.03",
      "symbol": "XION-USDT",
      "takerOrderId": "675179ce9574f30007155d0d",
      "time": "1733392846705000000",
      "tradeId": "6011219692500996",
      "type": "match",
      "time_received": "10:00:46.7565"
    },
    {
      "makerOrderId": "675179cefe36bf00072b53fe",
      "price": "7.9669",
      "sequence": "6011219853326337",
      "side": "buy",
      "size": "6.35",
      "symbol": "XION-USDT",
      "takerOrderId": "675179cfa398ab00079d9855",
      "time": "1733392847167000000",
      "tradeId": "6011219853326337",
      "type": "match",
      "time_received": "10:00:47.2063"
    },
    {
      "makerOrderId": "675179ce7cf7ff0007a8e168",
      "price": "7.9669",
      "sequence": "6011219853326340",
      "side": "buy",
      "size": "6.35",
      "symbol": "XION-USDT",
      "takerOrderId": "675179cfa398ab00079d9855",
      "time": "1733392847167000000",
      "tradeId": "6011219853326340",
      "type": "match",
      "time_received": "10:00:47.2063"
    },
    {
      "makerOrderId": "675179cee7750000071f2612",
      "price": "7.9669",
      "sequence": "6011219853326343",
      "side": "buy",
      "size": "6.35",
      "symbol": "XION-USDT",
      "takerOrderId": "675179cfa398ab00079d9855",
      "time": "1733392847167000000",
      "tradeId": "6011219853326343",
      "type": "match",
      "time_received": "10:00:47.2064"
    },
    {
      "makerOrderId": "675179c88338b900074ab7c8",
      "price": "7.967",
      "sequence": "6011219853326346",
      "side": "buy",
      "size": "32.28",
      "symbol": "XION-USDT",
      "takerOrderId": "675179cfa398ab00079d9855",
      "time": "1733392847167000000",
      "tradeId": "6011219853326346",
      "type": "match",
      "time_received": "10:00:47.2064"
    },
    {
      "makerOrderId": "675179ca7cf7ff0007a8c1fb",
      "price": "7.992",
      "sequence": "6011219853326349",
      "side": "buy",
      "size": "18.76",
      "symbol": "XION-USDT",
      "takerOrderId": "675179cfa398ab00079d9855",
      "time": "1733392847167000000",
      "tradeId": "6011219853326349",
      "type": "match",
      "time_received": "10:00:47.2064"
    },
    {
      "makerOrderId": "67515b2c2e6b3a000766ce95",
      "price": "8",
      "sequence": "6011219853326352",
      "side": "buy",
      "size": "51.23",
      "symbol": "XION-USDT",
      "takerOrderId": "675179cfa398ab00079d9855",
      "time": "1733392847167000000",
      "tradeId": "6011219853326352",
      "type": "match",
      "time_received": "10:00:47.2064"
    },
    {
      "makerOrderId": "67515b2c2e6b3a000766ce95",
      "price": "8",
      "sequence": "6011220093319169",
      "side": "buy",
      "size": "12.42",
      "symbol": "XION-USDT",
      "takerOrderId": "675179cffd061e0007a66e1b",
      "time": "1733392847777000000",
      "tradeId": "6011220093319169",
      "type": "match",
      "time_received": "10:00:47.8188"
    },
    {
      "makerOrderId": "67515b2c2e6b3a000766ce95",
      "price": "8",
      "sequence": "6011220421654529",
      "side": "buy",
      "size": "12.42",
      "symbol": "XION-USDT",
      "takerOrderId": "675179d08338b900074af12a",
      "time": "1733392848652000000",
      "tradeId": "6011220421654529",
      "type": "match",
      "time_received": "10:00:48.6912"
    },
    {
      "makerOrderId": "67515b2c2e6b3a000766ce95",
      "price": "8",
      "sequence": "6011220424407041",
      "side": "buy",
      "size": "12.39",
      "symbol": "XION-USDT",
      "takerOrderId": "675179d0ff2a9e0007195517",
      "time": "1733392848662000000",
      "tradeId": "6011220424407041",
      "type": "match",
      "time_received": "10:00:48.7024"
    },
    {
      "makerOrderId": "67515b2c2e6b3a000766ce95",
      "price": "8",
      "sequence": "6011220492302337",
      "side": "buy",
      "size": "12.42",
      "symbol": "XION-USDT",
      "takerOrderId": "675179d0e7750000071f31fc",
      "time": "1733392848842000000",
      "tradeId": "6011220492302337",
      "type": "match",
      "time_received": "10:00:48.8783"
    },
    {
      "makerOrderId": "675179d01ed0d80007fc5744",
      "price": "7.967",
      "sequence": "6011220496103425",
      "side": "sell",
      "size": "27.81",
      "symbol": "XION-USDT",
      "takerOrderId": "675179d03ecf43000769ae63",
      "time": "1733392848852000000",
      "tradeId": "6011220496103425",
      "type": "match",
      "time_received": "10:00:48.8922"
    },
    {
      "makerOrderId": "675179d01ed0d80007fc5744",
      "price": "7.967",
      "sequence": "6011220502132737",
      "side": "sell",
      "size": "25.66",
      "symbol": "XION-USDT",
      "takerOrderId": "675179d0b1d2ab00079181d7",
      "time": "1733392848872000000",
      "tradeId": "6011220502132737",
      "type": "match",
      "time_received": "10:00:48.9129"
    },
    {
      "makerOrderId": "67515b2c2e6b3a000766ce95",
      "price": "8",
      "sequence": "6011220699396097",
      "side": "buy",
      "size": "240.81",
      "symbol": "XION-USDT",
      "takerOrderId": "675179d17cf7ff0007a8f0a7",
      "time": "1733392849309000000",
      "tradeId": "6011220699396097",
      "type": "match",
      "time_received": "10:00:49.3524"
    },
    {
      "makerOrderId": "67515b2c2e6b3a000766ce95",
      "price": "8",
      "sequence": "6011220764801025",
      "side": "buy",
      "size": "108.26",
      "symbol": "XION-USDT",
      "takerOrderId": "675179d1fd061e0007a6799a",
      "time": "1733392849494000000",
      "tradeId": "6011220764801025",
      "type": "match",
      "time_received": "10:00:49.5322"
    },
    {
      "makerOrderId": "67515b2c2e6b3a000766ce95",
      "price": "8",
      "sequence": "6011221018949633",
      "side": "buy",
      "size": "12.46",
      "symbol": "XION-USDT",
      "takerOrderId": "675179d2aef36e0007b014fd",
      "time": "1733392850164000000",
      "tradeId": "6011221018949633",
      "type": "match",
      "time_received": "10:00:50.2007"
    },
    {
      "makerOrderId": "67515b2c2e6b3a000766ce95",
      "price": "8",
      "sequence": "6011221103360003",
      "side": "buy",
      "size": "12.46",
      "symbol": "XION-USDT",
      "takerOrderId": "675179d29574f3000715735c",
      "time": "1733392850408000000",
      "tradeId": "6011221103360003",
      "type": "match",
      "time_received": "10:00:50.4515"
    },
    {
      "makerOrderId": "67515b2c2e6b3a000766ce95",
      "price": "8",
      "sequence": "6011221160507393",
      "side": "buy",
      "size": "12.46",
      "symbol": "XION-USDT",
      "takerOrderId": "675179d2e7750000071f3bb0",
      "time": "1733392850581000000",
      "tradeId": "6011221160507393",
      "type": "match",
      "time_received": "10:00:50.6188"
    },
    {
      "makerOrderId": "675179d2fd80ce0007886328",
      "price": "7.99",
      "sequence": "6011221355149313",
      "side": "buy",
      "size": "6.13",
      "symbol": "XION-USDT",
      "takerOrderId": "675179d3ff2a9e000719631b",
      "time": "1733392851053000000",
      "tradeId": "6011221355149313",
      "type": "match",
      "time_received": "10:00:51.0947"
    },
    {
      "makerOrderId": "675179d2fd80ce0007886328",
      "price": "7.99",
      "sequence": "6011221443360769",
      "side": "buy",
      "size": "6.21",
      "symbol": "XION-USDT",
      "takerOrderId": "675179d3fd061e0007a68523",
      "time": "1733392851291000000",
      "tradeId": "6011221443360769",
      "type": "match",
      "time_received": "10:00:51.3335"
    },
    {
      "makerOrderId": "675179d01ed0d80007fc5744",
      "price": "7.967",
      "sequence": "6011221622011905",
      "side": "sell",
      "size": "12.77",
      "symbol": "XION-USDT",
      "takerOrderId": "675179d3fe36bf00072b7289",
      "time": "1733392851728000000",
      "tradeId": "6011221622011905",
      "type": "match",
      "time_received": "10:00:51.7681"
    },
    {
      "makerOrderId": "675179d2fd80ce0007886328",
      "price": "7.99",
      "sequence": "6011221739452417",
      "side": "buy",
      "size": "12.69",
      "symbol": "XION-USDT",
      "takerOrderId": "675179d3716ab30007f7b725",
      "time": "1733392851984000000",
      "tradeId": "6011221739452417",
      "type": "match",
      "time_received": "10:00:52.0219"
    },
    {
      "makerOrderId": "675179d241bdfd0007a5bf28",
      "price": "7.998",
      "sequence": "6011221739452420",
      "side": "buy",
      "size": "49.69",
      "symbol": "XION-USDT",
      "takerOrderId": "675179d3716ab30007f7b725",
      "time": "1733392851984000000",
      "tradeId": "6011221739452420",
      "type": "match",
      "time_received": "10:00:52.0221"
    },
    {
      "makerOrderId": "675179d241bdfd0007a5bf28",
      "price": "7.998",
      "sequence": "6011221960570881",
      "side": "buy",
      "size": "61.94",
      "symbol": "XION-USDT",
      "takerOrderId": "675179d41e1c9e000758c7e1",
      "time": "1733392852610000000",
      "tradeId": "6011221960570881",
      "type": "match",
      "time_received": "10:00:52.6468"
    },
    {
      "makerOrderId": "675179d01ed0d80007fc5744",
      "price": "7.967",
      "sequence": "6011222153246721",
      "side": "sell",
      "size": "2.39",
      "symbol": "XION-USDT",
      "takerOrderId": "675179d53ecf43000769caa5",
      "time": "1733392853086000000",
      "tradeId": "6011222153246721",
      "type": "match",
      "time_received": "10:00:53.1230"
    },
    {
      "makerOrderId": "675179d2f517900007e262aa",
      "price": "7.967",
      "sequence": "6011222153246724",
      "side": "sell",
      "size": "6.89",
      "symbol": "XION-USDT",
      "takerOrderId": "675179d53ecf43000769caa5",
      "time": "1733392853086000000",
      "tradeId": "6011222153246724",
      "type": "match",
      "time_received": "10:00:53.1280"
    },
    {
      "makerOrderId": "675179d22e6b3a0007466440",
      "price": "7.967",
      "sequence": "6011222153246727",
      "side": "sell",
      "size": "3.52",
      "symbol": "XION-USDT",
      "takerOrderId": "675179d53ecf43000769caa5",
      "time": "1733392853086000000",
      "tradeId": "6011222153246727",
      "type": "match",
      "time_received": "10:00:53.1280"
    },
    {
      "makerOrderId": "675179d0fd80ce00078856ef",
      "price": "7.936",
      "sequence": "6011222153246730",
      "side": "sell",
      "size": "25.2",
      "symbol": "XION-USDT",
      "takerOrderId": "675179d53ecf43000769caa5",
      "time": "1733392853086000000",
      "tradeId": "6011222153246730",
      "type": "match",
      "time_received": "10:00:53.1281"
    },
    {
      "makerOrderId": "675179d53ecf43000769caa5",
      "price": "7.9352",
      "sequence": "6011222208952321",
      "side": "buy",
      "size": "6.21",
      "symbol": "XION-USDT",
      "takerOrderId": "675179d5716ab30007f7bfce",
      "time": "1733392853264000000",
      "tradeId": "6011222208952321",
      "type": "match",
      "time_received": "10:00:53.3052"
    },
    {
      "makerOrderId": "675179d53ecf43000769caa5",
      "price": "7.9352",
      "sequence": "6011222231496705",
      "side": "buy",
      "size": "5.56",
      "symbol": "XION-USDT",
      "takerOrderId": "675179d5ecb8b20007b4e2aa",
      "time": "1733392853329000000",
      "tradeId": "6011222231496705",
      "type": "match",
      "time_received": "10:00:53.3701"
    },
    {
      "makerOrderId": "675179d241bdfd0007a5bf28",
      "price": "7.998",
      "sequence": "6011222231496708",
      "side": "buy",
      "size": "176.02",
      "symbol": "XION-USDT",
      "takerOrderId": "675179d5ecb8b20007b4e2aa",
      "time": "1733392853329000000",
      "tradeId": "6011222231496708",
      "type": "match",
      "time_received": "10:00:53.3702"
    },
    {
      "makerOrderId": "67515b2c2e6b3a000766ce95",
      "price": "8",
      "sequence": "6011222231496711",
      "side": "buy",
      "size": "204.54",
      "symbol": "XION-USDT",
      "takerOrderId": "675179d5ecb8b20007b4e2aa",
      "time": "1733392853329000000",
      "tradeId": "6011222231496711",
      "type": "match",
      "time_received": "10:00:53.3703"
    },
    {
      "makerOrderId": "675179bc3ecf4300076926cd",
      "price": "8",
      "sequence": "6011222231496714",
      "side": "buy",
      "size": "72.54",
      "symbol": "XION-USDT",
      "takerOrderId": "675179d5ecb8b20007b4e2aa",
      "time": "1733392853329000000",
      "tradeId": "6011222231496714",
      "type": "match",
      "time_received": "10:00:53.3705"
    },
    {
      "makerOrderId": "675179be3ecf4300076938aa",
      "price": "8",
      "sequence": "6011222231496717",
      "side": "buy",
      "size": "155.73",
      "symbol": "XION-USDT",
      "takerOrderId": "675179d5ecb8b20007b4e2aa",
      "time": "1733392853329000000",
      "tradeId": "6011222231496717",
      "type": "match",
      "time_received": "10:00:53.3706"
    },
    {
      "makerOrderId": "675179d67cf7ff0007a91153",
      "price": "7.9065",
      "sequence": "6011222577264641",
      "side": "buy",
      "size": "1.25",
      "symbol": "XION-USDT",
      "takerOrderId": "675179d68338b900074b167e",
      "time": "1733392854169000000",
      "tradeId": "6011222577264641",
      "type": "match",
      "time_received": "10:00:54.2116"
    },
    {
      "makerOrderId": "675179d67cf7ff0007a91153",
      "price": "7.9065",
      "sequence": "6011222626547713",
      "side": "buy",
      "size": "1.24",
      "symbol": "XION-USDT",
      "takerOrderId": "675179d6a398ab00079dc7d6",
      "time": "1733392854297000000",
      "tradeId": "6011222626547713",
      "type": "match",
      "time_received": "10:00:54.3367"
    },
    {
      "makerOrderId": "675179d67cf7ff0007a91153",
      "price": "7.9065",
      "sequence": "6011222794713089",
      "side": "buy",
      "size": "12.44",
      "symbol": "XION-USDT",
      "takerOrderId": "675179d6716ab30007f7ca78",
      "time": "1733392854731000000",
      "tradeId": "6011222794713089",
      "type": "match",
      "time_received": "10:00:54.7718"
    },
    {
      "makerOrderId": "675179d67cf7ff0007a91153",
      "price": "7.9065",
