{
  "metadata": {
    "symbol": "ZRC",
    "channel": "match",
    "start_time": "09:59:30.0000",
    "release_time": "10:00:00.0000",
    "end_time": "10:02:00.0000",
    "total_messages": 637,
    "final_snapshot": {
      "time": "10:01:58.3550",
      "symbol": "ZRC-USDT",
      "price_high": "0.12778",
      "price_last": "0.12",
      "price_low": "0.03",
      "price_avg": null,
      "volValue_USDT": "59496.538706"
    }
  },
  "data": [
    {
      "price": "0.03",
      "sequence": "5672962844407809",
      "side": "sell",
      "size": "10",
      "symbol": "ZRC-USDT",
      "time": "1732528800000000000",
      "tradeId": "5672962844407809",
      "type": "match",
      "time_received": "10:00:00.0957"
    },
    {
      "makerOrderId": "674447d6cf286a000719c1f8",
      "price": "0.05",
      "sequence": "5672962844407810",
      "side": "buy",
      "size": "640.6",
      "symbol": "ZRC-USDT",
      "takerOrderId": "67444aa068486d0007773bd1",
      "time": "1732528800039000000",
      "tradeId": "5672962844407810",
      "type": "match",
      "time_received": "10:00:00.0958"
    },
    {
      "makerOrderId": "67444978f4a7c50007808a4a",
      "price": "0.05",
      "sequence": "5672962844407813",
      "side": "buy",
      "size": "220.1",
      "symbol": "ZRC-USDT",
      "takerOrderId": "67444aa068486d0007773bd1",
      "time": "1732528800039000000",
      "tradeId": "5672962844407813",
      "type": "match",
      "time_received": "10:00:00.0962"
    },
    {
      "makerOrderId": "67444978f1bf4000077ac3a4",
      "price": "0.05278",
      "sequence": "5672962844407816",
      "side": "buy",
      "size": "515.2",
      "symbol": "ZRC-USDT",
      "takerOrderId": "67444aa068486d0007773bd1",
      "time": "1732528800039000000",
      "tradeId": "5672962844407816",
      "type": "match",
      "time_received": "10:00:00.0984"
    },
    {
      "makerOrderId": "674449780d8553000705545d",
      "price": "0.05556",
      "sequence": "5672962844801025",
      "side": "buy",
      "size": "631.2",
      "symbol": "ZRC-USDT",
      "takerOrderId": "67444aa0f1bf40000781c664",
      "time": "1732528800039000000",
      "tradeId": "5672962844801025",
      "type": "match",
      "time_received": "10:00:00.0985"
    },
    {
      "makerOrderId": "67444978f4f12000079ef72d",
      "price": "0.05833",
      "sequence": "5672962844801028",
      "side": "buy",
      "size": "670.3",
      "symbol": "ZRC-USDT",
      "takerOrderId": "67444aa0f1bf40000781c664",
      "time": "1732528800039000000",
      "tradeId": "5672962844801028",
      "type": "match",
      "time_received": "10:00:00.0985"
    },
    {
      "makerOrderId": "674447d8f4a7c50007755fae",
      "price": "0.06",
      "sequence": "5672962844801031",
      "side": "buy",
      "size": "1000",
      "symbol": "ZRC-USDT",
      "takerOrderId": "67444aa0f1bf40000781c664",
      "time": "1732528800039000000",
      "tradeId": "5672962844801031",
      "type": "match",
      "time_received": "10:00:00.0986"
    },
    {
      "makerOrderId": "6744497a31d0950007118304",
      "price": "0.06111",
      "sequence": "5672962844801034",
      "side": "buy",
      "size": "801.5",
      "symbol": "ZRC-USDT",
      "takerOrderId": "67444aa0f1bf40000781c664",
      "time": "1732528800039000000",
      "tradeId": "5672962844801034",
      "type": "match",
      "time_received": "10:00:00.0987"
    },
    {
      "makerOrderId": "67444288f1bf4000074b0a62",
      "price": "0.06215",
      "sequence": "5672962844932097",
      "side": "buy",
      "size": "1800",
      "symbol": "ZRC-USDT",
      "takerOrderId": "67444aa0f1bf40000781c65f",
      "time": "1732528800039000000",
      "tradeId": "5672962844932097",
      "type": "match",
      "time_received": "10:00:00.0987"
    },
    {
      "makerOrderId": "6744497a1586c10007850494",
      "price": "0.06389",
      "sequence": "5672962844932100",
      "side": "buy",
      "size": "1052.5",
      "symbol": "ZRC-USDT",
      "takerOrderId": "67444aa0f1bf40000781c65f",
      "time": "1732528800039000000",
      "tradeId": "5672962844932100",
      "type": "match",
      "time_received": "10:00:00.0988"
    },
    {
      "makerOrderId": "6744480dc5ba74000765098d",
      "price": "0.065",
      "sequence": "5672962844932103",
      "side": "buy",
      "size": "1000",
      "symbol": "ZRC-USDT",
      "takerOrderId": "67444aa0f1bf40000781c65f",
      "time": "1732528800039000000",
      "tradeId": "5672962844932103",
      "type": "match",
      "time_received": "10:00:00.1630"
    },
    {
      "makerOrderId": "6744497a0d8553000705618e",
      "price": "0.06667",
      "sequence": "5672962844932106",
      "side": "buy",
      "size": "1199.4",
      "symbol": "ZRC-USDT",
      "takerOrderId": "67444aa0f1bf40000781c65f",
      "time": "1732528800039000000",
      "tradeId": "5672962844932106",
      "type": "match",
      "time_received": "10:00:00.1631"
    },
    {
      "makerOrderId": "674447ecc5ba740007642ab4",
      "price": "0.067",
      "sequence": "5672962844932109",
      "side": "buy",
      "size": "1000",
      "symbol": "ZRC-USDT",
      "takerOrderId": "67444aa0f1bf40000781c65f",
      "time": "1732528800039000000",
      "tradeId": "5672962844932109",
      "type": "match",
      "time_received": "10:00:00.1632"
    },
    {
      "makerOrderId": "67444288d52cb80007b42d71",
      "price": "0.06769",
      "sequence": "5672962844932112",
      "side": "buy",
      "size": "948.1",
      "symbol": "ZRC-USDT",
      "takerOrderId": "67444aa0f1bf40000781c65f",
      "time": "1732528800039000000",
      "tradeId": "5672962844932112",
      "type": "match",
      "time_received": "10:00:00.1632"
    },
    {
      "makerOrderId": "67444288d52cb80007b42d71",
      "price": "0.06769",
      "sequence": "5672962845194241",
      "side": "buy",
      "size": "1301.9",
      "symbol": "ZRC-USDT",
      "takerOrderId": "67444aa0f1bf40000781c659",
      "time": "1732528800039000000",
      "tradeId": "5672962845194241",
      "type": "match",
      "time_received": "10:00:00.1632"
    },
    {
      "makerOrderId": "67444977f4f12000079ef447",
      "price": "0.06944",
      "sequence": "5672962845194244",
      "side": "buy",
      "size": "1440.6",
      "symbol": "ZRC-USDT",
      "takerOrderId": "67444aa0f1bf40000781c659",
      "time": "1732528800039000000",
      "tradeId": "5672962845194244",
      "type": "match",
      "time_received": "10:00:00.1633"
    },
    {
      "makerOrderId": "674447da67cdc9000726986e",
      "price": "0.07",
      "sequence": "5672962845194247",
      "side": "buy",
      "size": "1000",
      "symbol": "ZRC-USDT",
      "takerOrderId": "67444aa0f1bf40000781c659",
      "time": "1732528800039000000",
      "tradeId": "5672962845194247",
      "type": "match",
      "time_received": "10:00:00.1633"
    },
    {
      "makerOrderId": "67444977c65bf70007197048",
      "price": "0.07222",
      "sequence": "5672962858039297",
      "side": "buy",
      "size": "10",
      "symbol": "ZRC-USDT",
      "takerOrderId": "67444aa068486d0007773c61",
      "time": "1732528800075000000",
      "tradeId": "5672962858039297",
      "type": "match",
      "time_received": "10:00:00.1633"
    },
    {
      "makerOrderId": "67444977c65bf70007197048",
      "price": "0.07222",
      "sequence": "5672962872064001",
      "side": "buy",
      "size": "10",
      "symbol": "ZRC-USDT",
      "takerOrderId": "67444aa06967d30007f11065",
      "time": "1732528800104000000",
      "tradeId": "5672962872064001",
      "type": "match",
      "time_received": "10:00:00.1633"
    },
    {
      "makerOrderId": "67444977c65bf70007197048",
      "price": "0.07222",
      "sequence": "5672962872195073",
      "side": "buy",
      "size": "10",
      "symbol": "ZRC-USDT",
      "takerOrderId": "67444aa06967d30007f1108a",
      "time": "1732528800104000000",
      "tradeId": "5672962872195073",
      "type": "match",
      "time_received": "10:00:00.1634"
    },
    {
      "makerOrderId": "67444977c65bf70007197048",
      "price": "0.07222",
      "sequence": "5672962884909057",
      "side": "buy",
      "size": "10",
      "symbol": "ZRC-USDT",
      "takerOrderId": "67444aa0f4a7c5000787897c",
      "time": "1732528800135000000",
      "tradeId": "5672962884909057",
      "type": "match",
      "time_received": "10:00:00.1800"
    },
    {
      "makerOrderId": "67444977c65bf70007197048",
      "price": "0.07222",
      "sequence": "5672962888316929",
      "side": "buy",
      "size": "10",
      "symbol": "ZRC-USDT",
      "takerOrderId": "67444aa06967d30007f110f1",
      "time": "1732528800141000000",
      "tradeId": "5672962888316929",
      "type": "match",
      "time_received": "10:00:00.1877"
    },
    {
      "makerOrderId": "67444977c65bf70007197048",
      "price": "0.07222",
      "sequence": "5672962897623041",
      "side": "buy",
      "size": "10",
      "symbol": "ZRC-USDT",
      "takerOrderId": "67444aa0cf286a00072c0472",
      "time": "1732528800161000000",
      "tradeId": "5672962897623041",
      "type": "match",
      "time_received": "10:00:00.2097"
    },
    {
      "makerOrderId": "67444977c65bf70007197048",
      "price": "0.07222",
      "sequence": "5672962911516673",
      "side": "buy",
      "size": "10",
      "symbol": "ZRC-USDT",
      "takerOrderId": "67444aa0cf286a00072c053f",
      "time": "1732528800189000000",
      "tradeId": "5672962911516673",
      "type": "match",
      "time_received": "10:00:00.2394"
    },
    {
      "makerOrderId": "67444977c65bf70007197048",
      "price": "0.07222",
      "sequence": "5672962914007041",
      "side": "buy",
      "size": "100",
      "symbol": "ZRC-USDT",
      "takerOrderId": "67444aa068486d0007773d89",
      "time": "1732528800192000000",
      "tradeId": "5672962914007041",
      "type": "match",
      "time_received": "10:00:00.2395"
    },
    {
      "makerOrderId": "67444977c65bf70007197048",
      "price": "0.07222",
      "sequence": "5672962914924545",
      "side": "buy",
      "size": "10",
      "symbol": "ZRC-USDT",
      "takerOrderId": "67444aa0f4a7c50007878b91",
      "time": "1732528800194000000",
      "tradeId": "5672962914924545",
      "type": "match",
      "time_received": "10:00:00.2454"
    },
    {
      "makerOrderId": "67444977c65bf70007197048",
      "price": "0.07222",
      "sequence": "5672962925934593",
      "side": "buy",
      "size": "10",
      "symbol": "ZRC-USDT",
      "takerOrderId": "67444aa0b7e21a0007510ede",
      "time": "1732528800214000000",
      "tradeId": "5672962925934593",
      "type": "match",
      "time_received": "10:00:00.2609"
    },
    {
      "makerOrderId": "67444977c65bf70007197048",
      "price": "0.07222",
      "sequence": "5672962929342465",
      "side": "buy",
      "size": "10",
      "symbol": "ZRC-USDT",
      "takerOrderId": "67444aa0df6f6e0007612af0",
      "time": "1732528800219000000",
      "tradeId": "5672962929342465",
      "type": "match",
      "time_received": "10:00:00.2677"
    },
    {
      "makerOrderId": "67444977c65bf70007197048",
      "price": "0.07222",
      "sequence": "5672962929997825",
      "side": "buy",
      "size": "55",
      "symbol": "ZRC-USDT",
      "takerOrderId": "67444aa0cf286a00072c0574",
      "time": "1732528800222000000",
      "tradeId": "5672962929997825",
      "type": "match",
      "time_received": "10:00:00.2678"
    },
    {
      "makerOrderId": "67444977c65bf70007197048",
      "price": "0.07222",
      "sequence": "5672962937600001",
      "side": "buy",
      "size": "10",
      "symbol": "ZRC-USDT",
      "takerOrderId": "67444aa0b7e21a0007510f79",
      "time": "1732528800240000000",
      "tradeId": "5672962937600001",
      "type": "match",
      "time_received": "10:00:00.2864"
    },
    {
      "makerOrderId": "67444977c65bf70007197048",
      "price": "0.07222",
      "sequence": "5672962945988609",
      "side": "buy",
      "size": "10",
      "symbol": "ZRC-USDT",
      "takerOrderId": "67444aa0f1bf40000781c904",
      "time": "1732528800256000000",
      "tradeId": "5672962945988609",
      "type": "match",
      "time_received": "10:00:00.3007"
    },
    {
      "makerOrderId": "67444977c65bf70007197048",
      "price": "0.07222",
      "sequence": "5672962960930817",
      "side": "buy",
      "size": "10",
      "symbol": "ZRC-USDT",
      "takerOrderId": "67444aa0cf286a00072c068e",
      "time": "1732528800279000000",
      "tradeId": "5672962960930817",
      "type": "match",
      "time_received": "10:00:00.3341"
    },
    {
      "makerOrderId": "67444977c65bf70007197048",
      "price": "0.07222",
      "sequence": "5672962974300161",
      "side": "buy",
      "size": "450",
      "symbol": "ZRC-USDT",
      "takerOrderId": "67444aa0ae93cc0007b5d19e",
      "time": "1732528800304000000",
      "tradeId": "5672962974300161",
      "type": "match",
      "time_received": "10:00:00.3526"
    },
    {
      "makerOrderId": "67444977c65bf70007197048",
      "price": "0.07222",
      "sequence": "5672962993960961",
      "side": "buy",
      "size": "200",
      "symbol": "ZRC-USDT",
      "takerOrderId": "67444aa0f4f1200007a5f9c3",
      "time": "1732528800329000000",
      "tradeId": "5672962993960961",
      "type": "match",
      "time_received": "10:00:00.3778"
    },
    {
      "makerOrderId": "67444977c65bf70007197048",
      "price": "0.07222",
      "sequence": "5672962994878465",
      "side": "buy",
      "size": "10",
      "symbol": "ZRC-USDT",
      "takerOrderId": "67444aa0f4f1200007a5f9c5",
      "time": "1732528800330000000",
      "tradeId": "5672962994878465",
      "type": "match",
      "time_received": "10:00:00.3780"
    },
    {
      "makerOrderId": "67444977c65bf70007197048",
      "price": "0.07222",
      "sequence": "5672962997368833",
      "side": "buy",
      "size": "10",
      "symbol": "ZRC-USDT",
      "takerOrderId": "67444aa0f1bf40000781ca9b",
      "time": "1732528800333000000",
      "tradeId": "5672962997368833",
      "type": "match",
      "time_received": "10:00:00.3781"
    },
    {
      "makerOrderId": "67444977c65bf70007197048",
      "price": "0.07222",
      "sequence": "5672963019913217",
      "side": "buy",
      "size": "10",
      "symbol": "ZRC-USDT",
      "takerOrderId": "67444aa0b7e21a000751117a",
      "time": "1732528800363000000",
      "tradeId": "5672963019913217",
      "type": "match",
      "time_received": "10:00:00.4121"
    },
    {
      "makerOrderId": "67444977c65bf70007197048",
      "price": "0.07222",
      "sequence": "5672963030530049",
      "side": "buy",
      "size": "100",
      "symbol": "ZRC-USDT",
      "takerOrderId": "67444aa0cf286a00072c07e0",
      "time": "1732528800380000000",
      "tradeId": "5672963030530049",
      "type": "match",
      "time_received": "10:00:00.4279"
    },
    {
      "makerOrderId": "67444977c65bf70007197048",
      "price": "0.07222",
      "sequence": "5672963031054337",
      "side": "buy",
      "size": "55",
      "symbol": "ZRC-USDT",
      "takerOrderId": "67444aa031d0950007187c7e",
      "time": "1732528800382000000",
      "tradeId": "5672963031054337",
      "type": "match",
      "time_received": "10:00:00.4281"
    },
    {
      "makerOrderId": "67444977c65bf70007197048",
      "price": "0.07222",
      "sequence": "5672963033151489",
      "side": "buy",
      "size": "493.3",
      "symbol": "ZRC-USDT",
      "takerOrderId": "67444aa068486d000777427c",
      "time": "1732528800386000000",
      "tradeId": "5672963033151489",
      "type": "match",
      "time_received": "10:00:00.4351"
    },
    {
      "makerOrderId": "6744428867cdc900070202ca",
      "price": "0.07323",
      "sequence": "5672963033151492",
      "side": "buy",
      "size": "2820",
      "symbol": "ZRC-USDT",
      "takerOrderId": "67444aa068486d000777427c",
      "time": "1732528800386000000",
      "tradeId": "5672963033151492",
      "type": "match",
      "time_received": "10:00:00.4351"
    },
    {
      "makerOrderId": "67444812f4f12000079564e2",
      "price": "0.075",
      "sequence": "5672963033151495",
      "side": "buy",
      "size": "1000",
      "symbol": "ZRC-USDT",
      "takerOrderId": "67444aa068486d000777427c",
      "time": "1732528800386000000",
      "tradeId": "5672963033151495",
      "type": "match",
      "time_received": "10:00:00.4352"
    },
    {
      "makerOrderId": "67444977c5ba7400076ebe49",
      "price": "0.075",
      "sequence": "5672963033151498",
      "side": "buy",
      "size": "1405.6",
      "symbol": "ZRC-USDT",
      "takerOrderId": "67444aa068486d000777427c",
      "time": "1732528800386000000",
      "tradeId": "5672963033151498",
      "type": "match",
      "time_received": "10:00:00.4352"
    },
    {
      "makerOrderId": "6744497837061e00072aeaf8",
      "price": "0.075",
      "sequence": "5672963033151501",
      "side": "buy",
      "size": "93.5",
      "symbol": "ZRC-USDT",
      "takerOrderId": "67444aa068486d000777427c",
      "time": "1732528800386000000",
      "tradeId": "5672963033151501",
      "type": "match",
      "time_received": "10:00:00.4353"
    },
    {
      "makerOrderId": "6744497831d095000711762a",
      "price": "0.07778",
      "sequence": "5672963033151504",
      "side": "buy",
      "size": "601.5",
      "symbol": "ZRC-USDT",
      "takerOrderId": "67444aa068486d000777427c",
      "time": "1732528800386000000",
      "tradeId": "5672963033151504",
      "type": "match",
      "time_received": "10:00:00.4353"
    },
    {
      "makerOrderId": "67444289f15b27000756f202",
      "price": "0.07877",
      "sequence": "5672963033151507",
      "side": "buy",
      "size": "3520",
      "symbol": "ZRC-USDT",
      "takerOrderId": "67444aa068486d000777427c",
      "time": "1732528800386000000",
      "tradeId": "5672963033151507",
      "type": "match",
      "time_received": "10:00:00.4353"
    },
    {
      "makerOrderId": "674447dc088f010007838cab",
      "price": "0.08",
      "sequence": "5672963037607937",
      "side": "buy",
      "size": "10",
      "symbol": "ZRC-USDT",
      "takerOrderId": "67444aa0df6f6e0007612dc2",
      "time": "1732528800391000000",
      "tradeId": "5672963037607937",
      "type": "match",
      "time_received": "10:00:00.4402"
    },
    {
      "makerOrderId": "674447dc088f010007838cab",
      "price": "0.08",
      "sequence": "5672963043112961",
      "side": "buy",
      "size": "10",
      "symbol": "ZRC-USDT",
      "takerOrderId": "67444aa0b7e21a00075111f5",
      "time": "1732528800398000000",
      "tradeId": "5672963043112961",
      "type": "match",
      "time_received": "10:00:00.4478"
    },
    {
      "makerOrderId": "674447dc088f010007838cab",
      "price": "0.08",
      "sequence": "5672963062511617",
      "side": "buy",
      "size": "10",
      "symbol": "ZRC-USDT",
      "takerOrderId": "67444aa0f4f1200007a5fc30",
      "time": "1732528800422000000",
      "tradeId": "5672963062511617",
      "type": "match",
      "time_received": "10:00:00.4686"
    },
    {
      "makerOrderId": "674447dc088f010007838cab",
      "price": "0.08",
      "sequence": "5672963062642689",
      "side": "buy",
      "size": "10",
      "symbol": "ZRC-USDT",
      "takerOrderId": "67444aa0f4a7c500078790fb",
      "time": "1732528800422000000",
      "tradeId": "5672963062642689",
      "type": "match",
      "time_received": "10:00:00.4687"
    },
    {
      "makerOrderId": "674447dc088f010007838cab",
      "price": "0.08",
      "sequence": "5672963062773761",
      "side": "buy",
      "size": "10",
      "symbol": "ZRC-USDT",
      "takerOrderId": "67444aa031d0950007187d44",
      "time": "1732528800422000000",
      "tradeId": "5672963062773761",
      "type": "match",
      "time_received": "10:00:00.4691"
    },
    {
      "makerOrderId": "674447dc088f010007838cab",
      "price": "0.08",
      "sequence": "5672963090692097",
      "side": "buy",
      "size": "10",
      "symbol": "ZRC-USDT",
      "takerOrderId": "67444aa00d855300070c5946",
      "time": "1732528800474000000",
      "tradeId": "5672963090692097",
      "type": "match",
      "time_received": "10:00:00.5220"
    },
    {
      "makerOrderId": "674447dc088f010007838cab",
      "price": "0.08",
      "sequence": "5672963096328193",
      "side": "buy",
      "size": "10",
      "symbol": "ZRC-USDT",
      "takerOrderId": "67444aa068486d00077744a6",
      "time": "1732528800485000000",
      "tradeId": "5672963096328193",
      "type": "match",
      "time_received": "10:00:00.5319"
    },
    {
      "makerOrderId": "674447dc088f010007838cab",
      "price": "0.08",
      "sequence": "5672963111270401",
      "side": "buy",
      "size": "10",
      "symbol": "ZRC-USDT",
      "takerOrderId": "67444aa067cdc9000738b726",
      "time": "1732528800511000000",
      "tradeId": "5672963111270401",
      "type": "match",
      "time_received": "10:00:00.5581"
    },
    {
      "makerOrderId": "674447dc088f010007838cab",
      "price": "0.08",
      "sequence": "5672963115071489",
      "side": "buy",
      "size": "50",
      "symbol": "ZRC-USDT",
      "takerOrderId": "67444aa0df6f6e0007612f09",
      "time": "1732528800515000000",
      "tradeId": "5672963115071489",
      "type": "match",
      "time_received": "10:00:00.5648"
    },
    {
      "makerOrderId": "674447dc088f010007838cab",
      "price": "0.08",
      "sequence": "5672963115726849",
      "side": "buy",
      "size": "10",
      "symbol": "ZRC-USDT",
      "takerOrderId": "67444aa031d0950007187f7f",
      "time": "1732528800516000000",
      "tradeId": "5672963115726849",
      "type": "match",
      "time_received": "10:00:00.5649"
    },
    {
      "makerOrderId": "674447dc088f010007838cab",
      "price": "0.08",
      "sequence": "5672963117692929",
      "side": "buy",
      "size": "10",
      "symbol": "ZRC-USDT",
      "takerOrderId": "67444aa0df6f6e0007612fa9",
      "time": "1732528800520000000",
      "tradeId": "5672963117692929",
      "type": "match",
      "time_received": "10:00:00.5649"
    },
    {
      "makerOrderId": "674447dc088f010007838cab",
      "price": "0.08",
      "sequence": "5672963117824001",
      "side": "buy",
      "size": "10",
      "symbol": "ZRC-USDT",
      "takerOrderId": "67444aa0df6f6e0007612fb1",
      "time": "1732528800520000000",
      "tradeId": "5672963117824001",
      "type": "match",
      "time_received": "10:00:00.5650"
    },
    {
      "makerOrderId": "674447dc088f010007838cab",
      "price": "0.08",
      "sequence": "5672963120183297",
      "side": "buy",
      "size": "10",
      "symbol": "ZRC-USDT",
      "takerOrderId": "67444aa068486d0007774555",
      "time": "1732528800523000000",
      "tradeId": "5672963120183297",
      "type": "match",
      "time_received": "10:00:00.5715"
    },
    {
      "makerOrderId": "674447dc088f010007838cab",
      "price": "0.08",
      "sequence": "5672963120969729",
      "side": "buy",
      "size": "10",
      "symbol": "ZRC-USDT",
      "takerOrderId": "67444aa0f1bf40000781cea0",
      "time": "1732528800525000000",
      "tradeId": "5672963120969729",
      "type": "match",
      "time_received": "10:00:00.5719"
    },
    {
      "makerOrderId": "674447dc088f010007838cab",
      "price": "0.08",
      "sequence": "5672963121100801",
      "side": "buy",
      "size": "10",
      "symbol": "ZRC-USDT",
      "takerOrderId": "67444aa04fe7460007e80c1f",
      "time": "1732528800525000000",
      "tradeId": "5672963121100801",
      "type": "match",
      "time_received": "10:00:00.5720"
    },
    {
      "makerOrderId": "674447dc088f010007838cab",
      "price": "0.08",
      "sequence": "5672963130275841",
      "side": "buy",
      "size": "10",
      "symbol": "ZRC-USDT",
      "takerOrderId": "67444aa068486d0007774604",
      "time": "1732528800538000000",
      "tradeId": "5672963130275841",
      "type": "match",
      "time_received": "10:00:00.5862"
    },
    {
      "makerOrderId": "674447dc088f010007838cab",
      "price": "0.08",
      "sequence": "5672963142727681",
      "side": "buy",
      "size": "10",
      "symbol": "ZRC-USDT",
      "takerOrderId": "67444aa0df6f6e000761307f",
      "time": "1732528800561000000",
      "tradeId": "5672963142727681",
      "type": "match",
      "time_received": "10:00:00.6082"
    },
    {
      "makerOrderId": "674447dc088f010007838cab",
      "price": "0.08",
      "sequence": "5672963143776257",
      "side": "buy",
      "size": "10",
      "symbol": "ZRC-USDT",
      "takerOrderId": "67444aa0088f01000795a19d",
      "time": "1732528800563000000",
      "tradeId": "5672963143776257",
      "type": "match",
      "time_received": "10:00:00.6088"
    },
    {
      "makerOrderId": "674447dc088f010007838cab",
      "price": "0.08",
      "sequence": "5672963154130945",
      "side": "buy",
      "size": "10",
      "symbol": "ZRC-USDT",
      "takerOrderId": "67444aa0f4a7c500078793fc",
      "time": "1732528800582000000",
      "tradeId": "5672963154130945",
      "type": "match",
      "time_received": "10:00:00.6295"
    },
    {
      "makerOrderId": "674447dc088f010007838cab",
      "price": "0.08",
      "sequence": "5672963165272065",
      "side": "buy",
      "size": "10",
      "symbol": "ZRC-USDT",
      "takerOrderId": "67444aa0f15b2700078dadd3",
      "time": "1732528800601000000",
      "tradeId": "5672963165272065",
      "type": "match",
      "time_received": "10:00:00.6507"
    },
    {
      "makerOrderId": "674447dc088f010007838cab",
      "price": "0.08",
      "sequence": "5672963181000705",
      "side": "buy",
      "size": "10",
      "symbol": "ZRC-USDT",
      "takerOrderId": "67444aa06967d30007f11acb",
      "time": "1732528800631000000",
      "tradeId": "5672963181000705",
      "type": "match",
      "time_received": "10:00:00.6789"
    },
    {
      "makerOrderId": "674447dc088f010007838cab",
      "price": "0.08",
      "sequence": "5672963184015361",
      "side": "buy",
      "size": "10",
      "symbol": "ZRC-USDT",
      "takerOrderId": "67444aa0b7e21a00075116d9",
      "time": "1732528800635000000",
      "tradeId": "5672963184015361",
      "type": "match",
      "time_received": "10:00:00.6790"
    },
    {
      "makerOrderId": "674447dc088f010007838cab",
      "price": "0.08",
      "sequence": "5672963185588225",
      "side": "buy",
      "size": "10",
      "symbol": "ZRC-USDT",
      "takerOrderId": "67444aa0c5ba74000775cb45",
      "time": "1732528800636000000",
      "tradeId": "5672963185588225",
      "type": "match",
      "time_received": "10:00:00.6791"
    },
    {
      "makerOrderId": "674447dc088f010007838cab",
      "price": "0.08",
      "sequence": "5672963186767873",
      "side": "buy",
      "size": "10",
      "symbol": "ZRC-USDT",
      "takerOrderId": "67444aa0d52cb80007eaf775",
      "time": "1732528800638000000",
      "tradeId": "5672963186767873",
      "type": "match",
      "time_received": "10:00:00.6843"
    },
    {
      "makerOrderId": "674447dc088f010007838cab",
      "price": "0.08",
      "sequence": "5672963199219713",
      "side": "buy",
      "size": "10",
      "symbol": "ZRC-USDT",
      "takerOrderId": "67444aa031d0950007188250",
      "time": "1732528800671000000",
      "tradeId": "5672963199219713",
      "type": "match",
      "time_received": "10:00:00.7185"
    },
    {
      "makerOrderId": "674447dc088f010007838cab",
      "price": "0.08",
      "sequence": "5672963200399361",
      "side": "buy",
      "size": "10",
      "symbol": "ZRC-USDT",
      "takerOrderId": "67444aa0f1bf40000781d140",
      "time": "1732528800673000000",
      "tradeId": "5672963200399361",
      "type": "match",
      "time_received": "10:00:00.7186"
    },
    {
      "makerOrderId": "674447dc088f010007838cab",
      "price": "0.08",
      "sequence": "5672963203414017",
      "side": "buy",
      "size": "10",
      "symbol": "ZRC-USDT",
      "takerOrderId": "67444aa0b7e21a000751177e",
      "time": "1732528800680000000",
      "tradeId": "5672963203414017",
      "type": "match",
      "time_received": "10:00:00.7269"
    },
    {
      "makerOrderId": "674447dc088f010007838cab",
      "price": "0.08",
      "sequence": "5672963209574401",
      "side": "buy",
      "size": "10",
      "symbol": "ZRC-USDT",
      "takerOrderId": "67444aa0f4f1200007a60131",
      "time": "1732528800691000000",
      "tradeId": "5672963209574401",
      "type": "match",
      "time_received": "10:00:00.7374"
    },
    {
      "makerOrderId": "674447dc088f010007838cab",
      "price": "0.08",
      "sequence": "5672963211671553",
      "side": "buy",
      "size": "10",
      "symbol": "ZRC-USDT",
      "takerOrderId": "67444aa067cdc9000738bae0",
      "time": "1732528800695000000",
      "tradeId": "5672963211671553",
      "type": "match",
      "time_received": "10:00:00.7419"
    },
    {
      "makerOrderId": "674447dc088f010007838cab",
      "price": "0.08",
      "sequence": "5672963211802625",
      "side": "buy",
      "size": "10",
      "symbol": "ZRC-USDT",
      "takerOrderId": "67444aa0cf286a00072c0e25",
      "time": "1732528800695000000",
      "tradeId": "5672963211802625",
      "type": "match",
      "time_received": "10:00:00.7419"
    },
    {
      "makerOrderId": "674447dc088f010007838cab",
      "price": "0.08",
      "sequence": "5672963218225153",
      "side": "buy",
      "size": "10",
      "symbol": "ZRC-USDT",
      "takerOrderId": "67444aa0f4a7c50007879623",
      "time": "1732528800710000000",
      "tradeId": "5672963218225153",
      "type": "match",
      "time_received": "10:00:00.7571"
    },
    {
      "makerOrderId": "674447dc088f010007838cab",
      "price": "0.08",
      "sequence": "5672963227793409",
      "side": "buy",
      "size": "10",
      "symbol": "ZRC-USDT",
      "takerOrderId": "67444aa0df6f6e000761335e",
      "time": "1732528800723000000",
      "tradeId": "5672963227793409",
      "type": "match",
      "time_received": "10:00:00.7652"
    },
    {
      "makerOrderId": "674447dc088f010007838cab",
      "price": "0.08",
      "sequence": "5672963235264513",
      "side": "buy",
      "size": "10",
      "symbol": "ZRC-USDT",
      "takerOrderId": "67444aa0088f01000795a452",
      "time": "1732528800732000000",
      "tradeId": "5672963235264513",
      "type": "match",
      "time_received": "10:00:00.7801"
    },
    {
      "makerOrderId": "674447dc088f010007838cab",
      "price": "0.08",
      "sequence": "5672963249289217",
      "side": "buy",
      "size": "10",
      "symbol": "ZRC-USDT",
      "takerOrderId": "67444aa01586c100078c0479",
      "time": "1732528800753000000",
      "tradeId": "5672963249289217",
      "type": "match",
      "time_received": "10:00:00.7995"
    },
    {
      "makerOrderId": "674447dc088f010007838cab",
      "price": "0.08",
      "sequence": "5672963257939969",
      "side": "buy",
      "size": "10",
      "symbol": "ZRC-USDT",
      "takerOrderId": "67444aa04fe7460007e810e9",
      "time": "1732528800769000000",
      "tradeId": "5672963257939969",
      "type": "match",
      "time_received": "10:00:00.8165"
    },
    {
      "makerOrderId": "674447dc088f010007838cab",
      "price": "0.08",
      "sequence": "5672963264755713",
      "side": "buy",
      "size": "10",
      "symbol": "ZRC-USDT",
      "takerOrderId": "67444aa06967d30007f11d60",
      "time": "1732528800781000000",
      "tradeId": "5672963264755713",
      "type": "match",
      "time_received": "10:00:00.8295"
    },
    {
      "makerOrderId": "674447dc088f010007838cab",
      "price": "0.08",
      "sequence": "5672963271702529",
      "side": "buy",
      "size": "10",
      "symbol": "ZRC-USDT",
      "takerOrderId": "67444aa0df6f6e00076134d5",
      "time": "1732528800796000000",
      "tradeId": "5672963271702529",
      "type": "match",
      "time_received": "10:00:00.8432"
    },
    {
      "makerOrderId": "674447dc088f010007838cab",
      "price": "0.08",
      "sequence": "5672963281008641",
      "side": "buy",
      "size": "10",
      "symbol": "ZRC-USDT",
      "takerOrderId": "67444aa0df6f6e0007613522",
      "time": "1732528800812000000",
      "tradeId": "5672963281008641",
      "type": "match",
      "time_received": "10:00:00.8616"
    },
    {
      "makerOrderId": "674447dc088f010007838cab",
      "price": "0.08",
      "sequence": "5672963294509057",
      "side": "buy",
      "size": "10",
      "symbol": "ZRC-USDT",
      "takerOrderId": "67444aa0f1bf40000781d42e",
      "time": "1732528800852000000",
      "tradeId": "5672963294509057",
      "type": "match",
      "time_received": "10:00:00.8993"
    },
    {
      "makerOrderId": "674447dc088f010007838cab",
      "price": "0.08",
      "sequence": "5672963298310145",
      "side": "buy",
      "size": "10",
      "symbol": "ZRC-USDT",
      "takerOrderId": "67444aa0f15b2700078db266",
      "time": "1732528800863000000",
      "tradeId": "5672963298310145",
      "type": "match",
      "time_received": "10:00:00.9066"
    },
    {
      "makerOrderId": "674447dc088f010007838cab",
      "price": "0.08",
      "sequence": "5672963299358721",
      "side": "buy",
      "size": "10",
      "symbol": "ZRC-USDT",
      "takerOrderId": "67444aa0088f01000795a6a7",
      "time": "1732528800864000000",
      "tradeId": "5672963299358721",
      "type": "match",
      "time_received": "10:00:00.9111"
    },
    {
      "makerOrderId": "674447dc088f010007838cab",
      "price": "0.08",
      "sequence": "5672963301718017",
      "side": "buy",
      "size": "10",
      "symbol": "ZRC-USDT",
      "takerOrderId": "67444aa031d0950007188598",
      "time": "1732528800867000000",
      "tradeId": "5672963301718017",
      "type": "match",
      "time_received": "10:00:00.9113"
    },
    {
      "makerOrderId": "674447dc088f010007838cab",
      "price": "0.08",
      "sequence": "5672963327539201",
      "side": "buy",
      "size": "10",
      "symbol": "ZRC-USDT",
      "takerOrderId": "67444aa068486d0007774bd0",
      "time": "1732528800886000000",
      "tradeId": "5672963327539201",
      "type": "match",
      "time_received": "10:00:00.9360"
    },
    {
      "makerOrderId": "674447dc088f010007838cab",
      "price": "0.08",
      "sequence": "5672963329243137",
      "side": "buy",
      "size": "10",
      "symbol": "ZRC-USDT",
      "takerOrderId": "67444aa0f4f1200007a60456",
      "time": "1732528800888000000",
      "tradeId": "5672963329243137",
      "type": "match",
      "time_received": "10:00:00.9362"
    },
    {
      "makerOrderId": "674447dc088f010007838cab",
      "price": "0.08",
      "sequence": "5672963335010305",
      "side": "buy",
      "size": "10",
      "symbol": "ZRC-USDT",
      "takerOrderId": "67444aa0c5ba74000775cf65",
      "time": "1732528800910000000",
      "tradeId": "5672963335010305",
      "type": "match",
      "time_received": "10:00:00.9588"
    },
    {
      "makerOrderId": "674447dc088f010007838cab",
      "price": "0.08",
      "sequence": "5672963337107457",
      "side": "buy",
      "size": "10",
      "symbol": "ZRC-USDT",
      "takerOrderId": "67444aa0f15b2700078db2fb",
      "time": "1732528800917000000",
      "tradeId": "5672963337107457",
      "type": "match",
      "time_received": "10:00:00.9634"
    },
    {
      "makerOrderId": "674447dc088f010007838cab",
      "price": "0.08",
      "sequence": "5672963339466753",
      "side": "buy",
      "size": "10",
      "symbol": "ZRC-USDT",
      "takerOrderId": "67444aa0c65bf70007208451",
      "time": "1732528800924000000",
      "tradeId": "5672963339466753",
      "type": "match",
      "time_received": "10:00:00.9715"
    },
    {
      "makerOrderId": "674447dc088f010007838cab",
      "price": "0.08",
      "sequence": "5672963342743553",
      "side": "buy",
      "size": "10",
      "symbol": "ZRC-USDT",
      "takerOrderId": "67444aa0ae93cc0007b5dd88",
      "time": "1732528800934000000",
      "tradeId": "5672963342743553",
      "type": "match",
      "time_received": "10:00:00.9792"
    },
    {
      "makerOrderId": "674447dc088f010007838cab",
      "price": "0.08",
      "sequence": "5672963343005697",
      "side": "buy",
      "size": "10",
      "symbol": "ZRC-USDT",
      "takerOrderId": "67444aa0088f01000795a75e",
      "time": "1732528800934000000",
      "tradeId": "5672963343005697",
      "type": "match",
      "time_received": "10:00:00.9794"
    },
    {
      "makerOrderId": "674447dc088f010007838cab",
      "price": "0.08",
      "sequence": "5672963346937857",
      "side": "buy",
      "size": "10",
      "symbol": "ZRC-USDT",
      "takerOrderId": "67444aa0df6f6e000761369b",
      "time": "1732528800946000000",
      "tradeId": "5672963346937857",
      "type": "match",
      "time_received": "10:00:00.9918"
    },
    {
      "makerOrderId": "674447dc088f010007838cab",
      "price": "0.08",
      "sequence": "5672963349690369",
      "side": "buy",
      "size": "10",
      "symbol": "ZRC-USDT",
      "takerOrderId": "67444aa0b7e21a0007511b8b",
      "time": "1732528800957000000",
      "tradeId": "5672963349690369",
      "type": "match",
      "time_received": "10:00:01.0041"
    },
    {
      "makerOrderId": "674447dc088f010007838cab",
      "price": "0.08",
      "sequence": "5672963361224705",
      "side": "buy",
      "size": "10",
      "symbol": "ZRC-USDT",
      "takerOrderId": "67444aa0df6f6e00076136e6",
      "time": "1732528800987000000",
      "tradeId": "5672963361224705",
      "type": "match",
      "time_received": "10:00:01.0343"
    },
    {
      "makerOrderId": "674447dc088f010007838cab",
      "price": "0.08",
      "sequence": "5672963375118337",
      "side": "buy",
      "size": "10",
      "symbol": "ZRC-USDT",
      "takerOrderId": "67444aa167cdc9000738bf21",
      "time": "1732528801024000000",
      "tradeId": "5672963375118337",
      "type": "match",
      "time_received": "10:00:01.0733"
    },
    {
      "makerOrderId": "674447dc088f010007838cab",
      "price": "0.08",
      "sequence": "5672963380230145",
      "side": "buy",
      "size": "10",
      "symbol": "ZRC-USDT",
      "takerOrderId": "67444aa11586c100078c07cd",
      "time": "1732528801031000000",
      "tradeId": "5672963380230145",
      "type": "match",
      "time_received": "10:00:01.0801"
    },
    {
      "makerOrderId": "674447dc088f010007838cab",
      "price": "0.08",
      "sequence": "5672963380361217",
      "side": "buy",
      "size": "10",
      "symbol": "ZRC-USDT",
      "takerOrderId": "67444aa1c5ba74000775d052",
      "time": "1732528801031000000",
      "tradeId": "5672963380361217",
      "type": "match",
      "time_received": "10:00:01.0802"
    },
    {
      "makerOrderId": "674447dc088f010007838cab",
      "price": "0.08",
      "sequence": "5672963389011969",
      "side": "buy",
      "size": "10",
      "symbol": "ZRC-USDT",
      "takerOrderId": "67444aa1c5ba74000775d073",
      "time": "1732528801041000000",
      "tradeId": "5672963389011969",
      "type": "match",
      "time_received": "10:00:01.0884"
    },
    {
      "makerOrderId": "674447dc088f010007838cab",
      "price": "0.08",
      "sequence": "5672963392550913",
      "side": "buy",
      "size": "10",
      "symbol": "ZRC-USDT",
      "takerOrderId": "67444aa14fe7460007e8142f",
      "time": "1732528801047000000",
      "tradeId": "5672963392550913",
      "type": "match",
      "time_received": "10:00:01.0892"
    },
    {
      "makerOrderId": "674447dc088f010007838cab",
      "price": "0.08",
      "sequence": "5672963401988097",
      "side": "buy",
      "size": "10",
      "symbol": "ZRC-USDT",
      "takerOrderId": "67444aa1f1bf40000781d615",
      "time": "1732528801067000000",
      "tradeId": "5672963401988097",
      "type": "match",
      "time_received": "10:00:01.1144"
    },
    {
      "makerOrderId": "674447dc088f010007838cab",
      "price": "0.08",
      "sequence": "5672963406968833",
      "side": "buy",
      "size": "10",
      "symbol": "ZRC-USDT",
      "takerOrderId": "67444aa1c5ba74000775d0c2",
      "time": "1732528801105000000",
      "tradeId": "5672963406968833",
      "type": "match",
      "time_received": "10:00:01.1523"
    },
    {
      "makerOrderId": "674447dc088f010007838cab",
      "price": "0.08",
      "sequence": "5672963407230977",
      "side": "buy",
      "size": "10",
      "symbol": "ZRC-USDT",
      "takerOrderId": "67444aa1f4f1200007a60623",
      "time": "1732528801105000000",
      "tradeId": "5672963407230977",
      "type": "match",
      "time_received": "10:00:01.1525"
    },
    {
      "makerOrderId": "674447dc088f010007838cab",
      "price": "0.08",
      "sequence": "5672963407362049",
      "side": "buy",
      "size": "10",
      "symbol": "ZRC-USDT",
      "takerOrderId": "67444aa131d0950007188789",
      "time": "1732528801105000000",
      "tradeId": "5672963407362049",
      "type": "match",
      "time_received": "10:00:01.1526"
    },
    {
      "makerOrderId": "674447dc088f010007838cab",
      "price": "0.08",
      "sequence": "5672963418765313",
      "side": "buy",
      "size": "10",
      "symbol": "ZRC-USDT",
      "takerOrderId": "67444aa137061e000731f75e",
      "time": "1732528801163000000",
      "tradeId": "5672963418765313",
      "type": "match",
      "time_received": "10:00:01.2112"
    },
    {
      "makerOrderId": "674447dc088f010007838cab",
      "price": "0.08",
      "sequence": "5672963419158529",
      "side": "buy",
      "size": "10",
      "symbol": "ZRC-USDT",
      "takerOrderId": "67444aa137061e000731f764",
      "time": "1732528801163000000",
      "tradeId": "5672963419158529",
      "type": "match",
      "time_received": "10:00:01.2114"
    },
    {
      "makerOrderId": "674447dc088f010007838cab",
      "price": "0.08",
      "sequence": "5672963419289601",
      "side": "buy",
      "size": "10",
      "symbol": "ZRC-USDT",
      "takerOrderId": "67444aa1ae93cc0007b5df40",
      "time": "1732528801163000000",
      "tradeId": "5672963419289601",
      "type": "match",
      "time_received": "10:00:01.2115"
    },
    {
      "makerOrderId": "674447dc088f010007838cab",
      "price": "0.08",
      "sequence": "5672963419944961",
      "side": "buy",
      "size": "10",
      "symbol": "ZRC-USDT",
      "takerOrderId": "67444aa1d52cb80007eafd96",
      "time": "1732528801163000000",
      "tradeId": "5672963419944961",
      "type": "match",
      "time_received": "10:00:01.2115"
    },
    {
      "makerOrderId": "674447dc088f010007838cab",
      "price": "0.08",
      "sequence": "5672963440654337",
      "side": "buy",
      "size": "10",
      "symbol": "ZRC-USDT",
      "takerOrderId": "67444aa131d0950007188833",
      "time": "1732528801260000000",
      "tradeId": "5672963440654337",
      "type": "match",
      "time_received": "10:00:01.3993"
    },
    {
      "makerOrderId": "674447dc088f010007838cab",
      "price": "0.08",
      "sequence": "5672963441309697",
      "side": "buy",
      "size": "10",
      "symbol": "ZRC-USDT",
      "takerOrderId": "67444aa131d095000718883b",
      "time": "1732528801260000000",
      "tradeId": "5672963441309697",
      "type": "match",
      "time_received": "10:00:01.3994"
    },
    {
      "makerOrderId": "674447dc088f010007838cab",
      "price": "0.08",
      "sequence": "5672963442096129",
      "side": "buy",
      "size": "10",
      "symbol": "ZRC-USDT",
      "takerOrderId": "67444aa1c5ba74000775d181",
      "time": "1732528801260000000",
      "tradeId": "5672963442096129",
      "type": "match",
      "time_received": "10:00:01.3994"
    },
    {
      "makerOrderId": "674447dc088f010007838cab",
      "price": "0.08",
      "sequence": "5672963464902657",
      "side": "buy",
      "size": "10",
      "symbol": "ZRC-USDT",
      "takerOrderId": "67444aa168486d0007774ec7",
      "time": "1732528801294000000",
      "tradeId": "5672963464902657",
      "type": "match",
      "time_received": "10:00:01.4868"
    },
    {
      "makerOrderId": "674447dc088f010007838cab",
      "price": "0.08",
      "sequence": "5672963465295873",
      "side": "buy",
      "size": "10",
      "symbol": "ZRC-USDT",
      "takerOrderId": "67444aa16967d30007f121cc",
      "time": "1732528801298000000",
      "tradeId": "5672963465295873",
      "type": "match",
      "time_received": "10:00:01.4869"
    },
    {
      "makerOrderId": "674447dc088f010007838cab",
      "price": "0.08",
      "sequence": "5672963484170241",
      "side": "buy",
      "size": "10",
      "symbol": "ZRC-USDT",
      "takerOrderId": "67444aa11586c100078c09d9",
      "time": "1732528801337000000",
      "tradeId": "5672963484170241",
      "type": "match",
      "time_received": "10:00:01.4872"
    },
    {
      "makerOrderId": "674447dc088f010007838cab",
      "price": "0.08",
      "sequence": "5672963490461697",
      "side": "buy",
      "size": "10",
      "symbol": "ZRC-USDT",
      "takerOrderId": "67444aa137061e000731f8d3",
      "time": "1732528801351000000",
      "tradeId": "5672963490461697",
      "type": "match",
      "time_received": "10:00:01.4873"
    },
    {
      "makerOrderId": "674447dc088f010007838cab",
      "price": "0.08",
      "sequence": "5672963506321409",
      "side": "buy",
      "size": "10",
      "symbol": "ZRC-USDT",
      "takerOrderId": "67444aa131d09500071889c5",
      "time": "1732528801395000000",
      "tradeId": "5672963506321409",
      "type": "match",
      "time_received": "10:00:01.4920"
    },
    {
      "makerOrderId": "674447dc088f010007838cab",
      "price": "0.08",
      "sequence": "5672963506452481",
      "side": "buy",
      "size": "10",
      "symbol": "ZRC-USDT",
      "takerOrderId": "67444aa1088f01000795aad0",
      "time": "1732528801395000000",
      "tradeId": "5672963506452481",
      "type": "match",
      "time_received": "10:00:01.4921"
    },
    {
      "makerOrderId": "674447dc088f010007838cab",
      "price": "0.08",
      "sequence": "5672963509073921",
      "side": "buy",
      "size": "10",
      "symbol": "ZRC-USDT",
      "takerOrderId": "67444aa1ae93cc0007b5e10a",
      "time": "1732528801401000000",
      "tradeId": "5672963509073921",
      "type": "match",
      "time_received": "10:00:01.4924"
    },
    {
      "makerOrderId": "674447dc088f010007838cab",
      "price": "0.08",
      "sequence": "5672963512350721",
      "side": "buy",
      "size": "10",
      "symbol": "ZRC-USDT",
      "takerOrderId": "67444aa1ae93cc0007b5e11b",
      "time": "1732528801407000000",
      "tradeId": "5672963512350721",
      "type": "match",
      "time_received": "10:00:01.4924"
    },
    {
      "makerOrderId": "674447dc088f010007838cab",
      "price": "0.08",
      "sequence": "5672963531225089",
      "side": "buy",
      "size": "200",
      "symbol": "ZRC-USDT",
      "takerOrderId": "67444aa168486d0007775025",
      "time": "1732528801449000000",
      "tradeId": "5672963531225089",
      "type": "match",
      "time_received": "10:00:01.4985"
    },
    {
      "makerOrderId": "67444978b7e21a00074a0ebe",
      "price": "0.08056",
      "sequence": "5672963531225092",
      "side": "buy",
      "size": "1016.7",
      "symbol": "ZRC-USDT",
      "takerOrderId": "67444aa168486d0007775025",
      "time": "1732528801449000000",
      "tradeId": "5672963531225092",
      "type": "match",
      "time_received": "10:00:01.4986"
    },
    {
      "makerOrderId": "674449786967d30007ea0d52",
      "price": "0.08333",
      "sequence": "5672963532797953",
      "side": "buy",
      "size": "10",
      "symbol": "ZRC-USDT",
      "takerOrderId": "67444aa131d0950007188a71",
      "time": "1732528801453000000",
      "tradeId": "5672963532797953",
      "type": "match",
      "time_received": "10:00:01.4988"
    },
    {
      "makerOrderId": "674449786967d30007ea0d52",
      "price": "0.08333",
      "sequence": "5672963542890497",
      "side": "buy",
      "size": "10",
      "symbol": "ZRC-USDT",
      "takerOrderId": "67444aa1f15b2700078db75e",
      "time": "1732528801476000000",
      "tradeId": "5672963542890497",
      "type": "match",
      "time_received": "10:00:01.5228"
    },
    {
      "makerOrderId": "674449786967d30007ea0d52",
      "price": "0.08333",
      "sequence": "5672963545774081",
      "side": "buy",
      "size": "10",
      "symbol": "ZRC-USDT",
      "takerOrderId": "67444aa131d0950007188ac2",
      "time": "1732528801484000000",
      "tradeId": "5672963545774081",
      "type": "match",
      "time_received": "10:00:01.5264"
    },
    {
      "makerOrderId": "674449786967d30007ea0d52",
      "price": "0.08333",
      "sequence": "5672963548002305",
      "side": "buy",
      "size": "10",
      "symbol": "ZRC-USDT",
      "takerOrderId": "67444aa1f4f1200007a60976",
      "time": "1732528801490000000",
      "tradeId": "5672963548002305",
      "type": "match",
      "time_received": "10:00:01.5396"
    },
    {
      "makerOrderId": "674449786967d30007ea0d52",
      "price": "0.08333",
      "sequence": "5672963553900545",
      "side": "buy",
      "size": "58.6",
      "symbol": "ZRC-USDT",
      "takerOrderId": "67444aa167cdc9000738c338",
      "time": "1732528801501000000",
      "tradeId": "5672963553900545",
      "type": "match",
      "time_received": "10:00:01.5472"
    },
    {
      "makerOrderId": "674449786967d30007ea0d52",
      "price": "0.08333",
      "sequence": "5672963556259841",
      "side": "buy",
      "size": "10",
      "symbol": "ZRC-USDT",
      "takerOrderId": "67444aa14fe7460007e817f7",
      "time": "1732528801509000000",
      "tradeId": "5672963556259841",
      "type": "match",
      "time_received": "10:00:01.5558"
    },
    {
      "makerOrderId": "674449786967d30007ea0d52",
      "price": "0.08333",
      "sequence": "5672963569629185",
      "side": "buy",
      "size": "10",
      "symbol": "ZRC-USDT",
      "takerOrderId": "67444aa1cf286a00072c168f",
      "time": "1732528801552000000",
      "tradeId": "5672963569629185",
      "type": "match",
      "time_received": "10:00:01.6043"
    },
    {
      "makerOrderId": "674449786967d30007ea0d52",
      "price": "0.08333",
      "sequence": "5672963575265281",
      "side": "buy",
      "size": "10",
      "symbol": "ZRC-USDT",
      "takerOrderId": "67444aa1ae93cc0007b5e2ad",
      "time": "1732528801566000000",
      "tradeId": "5672963575265281",
      "type": "match",
      "time_received": "10:00:01.6116"
    },
    {
      "makerOrderId": "674449786967d30007ea0d52",
      "price": "0.08333",
      "sequence": "5672963575396353",
      "side": "buy",
      "size": "10",
      "symbol": "ZRC-USDT",
      "takerOrderId": "67444aa168486d0007775160",
      "time": "1732528801566000000",
      "tradeId": "5672963575396353",
      "type": "match",
      "time_received": "10:00:01.6117"
    },
    {
      "makerOrderId": "674449786967d30007ea0d52",
      "price": "0.08333",
      "sequence": "5672963578804225",
      "side": "buy",
      "size": "10",
      "symbol": "ZRC-USDT",
      "takerOrderId": "67444aa16967d30007f1245f",
      "time": "1732528801574000000",
      "tradeId": "5672963578804225",
      "type": "match",
      "time_received": "10:00:01.6225"
    },
    {
      "makerOrderId": "674449786967d30007ea0d52",
      "price": "0.08333",
      "sequence": "5672963581949953",
      "side": "buy",
      "size": "10",
      "symbol": "ZRC-USDT",
      "takerOrderId": "67444aa1f4a7c50007879e84",
      "time": "1732528801588000000",
      "tradeId": "5672963581949953",
      "type": "match",
      "time_received": "10:00:01.6361"
    },
    {
      "makerOrderId": "674449786967d30007ea0d52",
      "price": "0.08333",
      "sequence": "5672963583391745",
      "side": "buy",
      "size": "10",
      "symbol": "ZRC-USDT",
      "takerOrderId": "67444aa1cf286a00072c16dd",
      "time": "1732528801591000000",
      "tradeId": "5672963583391745",
      "type": "match",
      "time_received": "10:00:01.6362"
    },
    {
      "makerOrderId": "674449786967d30007ea0d52",
      "price": "0.08333",
      "sequence": "5672963584702465",
      "side": "buy",
      "size": "10",
      "symbol": "ZRC-USDT",
      "takerOrderId": "67444aa1f15b2700078db850",
      "time": "1732528801592000000",
      "tradeId": "5672963584702465",
      "type": "match",
      "time_received": "10:00:01.6363"
    },
    {
      "makerOrderId": "674449786967d30007ea0d52",
      "price": "0.08333",
      "sequence": "5672963589814273",
      "side": "buy",
      "size": "10",
      "symbol": "ZRC-USDT",
      "takerOrderId": "67444aa1088f01000795acb4",
      "time": "1732528801607000000",
      "tradeId": "5672963589814273",
      "type": "match",
      "time_received": "10:00:01.6528"
    },
    {
      "makerOrderId": "674449786967d30007ea0d52",
      "price": "0.08333",
      "sequence": "5672963595319297",
      "side": "buy",
      "size": "10",
      "symbol": "ZRC-USDT",
      "takerOrderId": "67444aa1f15b2700078db88b",
      "time": "1732528801624000000",
      "tradeId": "5672963595319297",
      "type": "match",
      "time_received": "10:00:01.6720"
    },
    {
      "makerOrderId": "674449786967d30007ea0d52",
      "price": "0.08333",
      "sequence": "5672963601348609",
      "side": "buy",
      "size": "10",
      "symbol": "ZRC-USDT",
      "takerOrderId": "67444aa14fe7460007e81919",
      "time": "1732528801640000000",
      "tradeId": "5672963601348609",
      "type": "match",
      "time_received": "10:00:01.6914"
    },
    {
      "makerOrderId": "674449786967d30007ea0d52",
      "price": "0.08333",
      "sequence": "5672963605149697",
      "side": "buy",
      "size": "10",
      "symbol": "ZRC-USDT",
      "takerOrderId": "67444aa1ae93cc0007b5e360",
      "time": "1732528801648000000",
      "tradeId": "5672963605149697",
      "type": "match",
      "time_received": "10:00:01.6969"
    },
    {
      "makerOrderId": "674449786967d30007ea0d52",
      "price": "0.08333",
      "sequence": "5672963607377921",
      "side": "buy",
      "size": "10",
      "symbol": "ZRC-USDT",
      "takerOrderId": "67444aa1df6f6e0007613c17",
      "time": "1732528801657000000",
      "tradeId": "5672963607377921",
      "type": "match",
      "time_received": "10:00:01.7046"
    },
    {
      "makerOrderId": "674449786967d30007ea0d52",
      "price": "0.08333",
      "sequence": "5672963607508993",
      "side": "buy",
      "size": "10",
      "symbol": "ZRC-USDT",
      "takerOrderId": "67444aa14fe7460007e81939",
      "time": "1732528801657000000",
      "tradeId": "5672963607508993",
      "type": "match",
      "time_received": "10:00:01.7047"
    },
    {
      "makerOrderId": "674449786967d30007ea0d52",
      "price": "0.08333",
      "sequence": "5672963611834369",
      "side": "buy",
      "size": "10",
      "symbol": "ZRC-USDT",
      "takerOrderId": "67444aa16967d30007f12527",
      "time": "1732528801671000000",
      "tradeId": "5672963611834369",
      "type": "match",
      "time_received": "10:00:01.7207"
    },
    {
      "makerOrderId": "674449786967d30007ea0d52",
      "price": "0.08333",
      "sequence": "5672963613276161",
      "side": "buy",
      "size": "10",
      "symbol": "ZRC-USDT",
      "takerOrderId": "67444aa1c65bf70007208a59",
      "time": "1732528801676000000",
      "tradeId": "5672963613276161",
      "type": "match",
      "time_received": "10:00:01.7209"
    },
    {
      "makerOrderId": "674449786967d30007ea0d52",
      "price": "0.08333",
      "sequence": "5672963622189057",
      "side": "buy",
      "size": "10",
      "symbol": "ZRC-USDT",
      "takerOrderId": "67444aa137061e000731fc16",
      "time": "1732528801714000000",
      "tradeId": "5672963622189057",
      "type": "match",
      "time_received": "10:00:01.7651"
    },
    {
      "makerOrderId": "67444aa1d52cb80007eb0056",
      "price": "0.08213",
      "sequence": "5672963770955785",
      "side": "sell",
      "size": "10",
      "symbol": "ZRC-USDT",
      "takerOrderId": "67444aa2f1bf40000781de46",
      "time": "1732528802096000000",
      "tradeId": "5672963770955785",
      "type": "match",
      "time_received": "10:00:02.2147"
    },
    {
      "makerOrderId": "67444aa168486d0007775025",
      "price": "0.082",
      "sequence": "5672963770955788",
      "side": "sell",
      "size": "739",
      "symbol": "ZRC-USDT",
      "takerOrderId": "67444aa2f1bf40000781de46",
      "time": "1732528802096000000",
      "tradeId": "5672963770955788",
      "type": "match",
      "time_received": "10:00:02.2173"
    },
    {
      "makerOrderId": "674449786967d30007ea0d52",
      "price": "0.08333",
      "sequence": "5672963774232577",
      "side": "buy",
      "size": "10",
      "symbol": "ZRC-USDT",
      "takerOrderId": "67444aa2f15b2700078dbc80",
      "time": "1732528802104000000",
      "tradeId": "5672963774232577",
      "type": "match",
      "time_received": "10:00:02.2174"
    },
    {
      "makerOrderId": "67444aa168486d0007775025",
      "price": "0.082",
      "sequence": "5672963826006017",
      "side": "sell",
      "size": "55",
      "symbol": "ZRC-USDT",
      "takerOrderId": "67444aa2088f01000795b1ed",
      "time": "1732528802213000000",
      "tradeId": "5672963826006017",
      "type": "match",
      "time_received": "10:00:02.3202"
    },
    {
      "makerOrderId": "67444aa168486d0007775025",
      "price": "0.082",
      "sequence": "5672963829151747",
      "side": "sell",
      "size": "55",
      "symbol": "ZRC-USDT",
      "takerOrderId": "67444aa2f1bf40000781dfe7",
      "time": "1732528802218000000",
      "tradeId": "5672963829151747",
      "type": "match",
      "time_received": "10:00:02.3203"
    },
    {
      "makerOrderId": "674449786967d30007ea0d52",
      "price": "0.08333",
      "sequence": "5672963949475861",
      "side": "buy",
      "size": "1180.5",
      "symbol": "ZRC-USDT",
      "takerOrderId": "67444aa2b7e21a000751285f",
      "time": "1732528802541000000",
      "tradeId": "5672963949475861",
      "type": "match",
      "time_received": "10:00:02.5860"
    },
    {
      "makerOrderId": "6744428967cdc900070204d8",
      "price": "0.08431",
      "sequence": "5672963949475864",
      "side": "buy",
      "size": "970",
      "symbol": "ZRC-USDT",
      "takerOrderId": "67444aa2b7e21a000751285f",
      "time": "1732528802541000000",
      "tradeId": "5672963949475864",
      "type": "match",
      "time_received": "10:00:02.5861"
    },
    {
      "makerOrderId": "6744428967cdc900070204d8",
      "price": "0.08431",
      "sequence": "5672964099815427",
      "side": "buy",
      "size": "262.1",
      "symbol": "ZRC-USDT",
      "takerOrderId": "67444aa2c5ba74000775dfef",
      "time": "1732528802914000000",
      "tradeId": "5672964099815427",
      "type": "match",
      "time_received": "10:00:02.9647"
    },
    {
      "makerOrderId": "6744428967cdc900070204d8",
      "price": "0.08431",
      "sequence": "5672964120000513",
      "side": "buy",
      "size": "284",
      "symbol": "ZRC-USDT",
      "takerOrderId": "67444aa2d52cb80007eb0c8e",
      "time": "1732528802985000000",
      "tradeId": "5672964120000513",
      "type": "match",
      "time_received": "10:00:03.0355"
    },
    {
      "makerOrderId": "6744428967cdc900070204d8",
      "price": "0.08431",
      "sequence": "5672964408358921",
      "side": "buy",
      "size": "1164.8",
      "symbol": "ZRC-USDT",
      "takerOrderId": "67444aa36967d30007f13708",
      "time": "1732528803673000000",
      "tradeId": "5672964408358921",
      "type": "match",
      "time_received": "10:00:03.7258"
    },
    {
      "makerOrderId": "6744428967cdc900070204d8",
      "price": "0.08431",
      "sequence": "5672964518459393",
      "side": "buy",
      "size": "1719.1",
      "symbol": "ZRC-USDT",
      "takerOrderId": "67444aa34fe7460007e82cf0",
      "time": "1732528803950000000",
      "tradeId": "5672964518459393",
      "type": "match",
      "time_received": "10:00:04.0070"
    },
    {
      "makerOrderId": "67444aa34fe7460007e82cf0",
      "price": "0.0845",
      "sequence": "5672964522653697",
      "side": "sell",
      "size": "749",
      "symbol": "ZRC-USDT",
      "takerOrderId": "67444aa331d095000718a00a",
      "time": "1732528803963000000",
      "tradeId": "5672964522653697",
      "type": "match",
      "time_received": "10:00:04.0103"
    },
    {
      "makerOrderId": "67444aa5c65bf7000720aa52",
      "price": "0.08306",
      "sequence": "5672965409486849",
      "side": "sell",
      "size": "585.8",
      "symbol": "ZRC-USDT",
      "takerOrderId": "67444aa56967d30007f14991",
      "time": "1732528806018000000",
      "tradeId": "5672965409486849",
      "type": "match",
      "time_received": "10:00:06.0657"
    },
    {
      "makerOrderId": "67444aa568486d00077771e4",
      "price": "0.08306",
      "sequence": "5672965409486852",
      "side": "sell",
      "size": "163.2",
      "symbol": "ZRC-USDT",
      "takerOrderId": "67444aa56967d30007f14991",
      "time": "1732528806018000000",
      "tradeId": "5672965409486852",
      "type": "match",
      "time_received": "10:00:06.0658"
    },
    {
      "makerOrderId": "67444aa6b7e21a00075149e2",
      "price": "0.0861",
      "sequence": "5672965777537025",
      "side": "buy",
      "size": "585.8",
      "symbol": "ZRC-USDT",
      "takerOrderId": "67444aa60d855300070c92eb",
      "time": "1732528806885000000",
      "tradeId": "5672965777537025",
      "type": "match",
      "time_received": "10:00:06.9350"
    },
    {
      "makerOrderId": "67444aa637061e00073224b9",
      "price": "0.0861",
      "sequence": "5672965777537028",
      "side": "buy",
      "size": "163.2",
      "symbol": "ZRC-USDT",
      "takerOrderId": "67444aa60d855300070c92eb",
      "time": "1732528806885000000",
      "tradeId": "5672965777537028",
      "type": "match",
      "time_received": "10:00:06.9351"
    },
    {
      "makerOrderId": "6744497ac65bf700071980d4",
      "price": "0.08611",
      "sequence": "5672965777537031",
      "side": "buy",
      "size": "1760",
      "symbol": "ZRC-USDT",
      "takerOrderId": "67444aa60d855300070c92eb",
      "time": "1732528806885000000",
      "tradeId": "5672965777537031",
      "type": "match",
      "time_received": "10:00:06.9352"
    },
    {
      "makerOrderId": "6744497ac65bf700071980c5",
      "price": "0.08889",
      "sequence": "5672965777537034",
      "side": "buy",
      "size": "291",
      "symbol": "ZRC-USDT",
      "takerOrderId": "67444aa60d855300070c92eb",
      "time": "1732528806885000000",
      "tradeId": "5672965777537034",
      "type": "match",
      "time_received": "10:00:06.9352"
    },
    {
      "makerOrderId": "67444aa7d52cb80007eb2f23",
      "price": "0.08309",
      "sequence": "5672965862602753",
      "side": "sell",
      "size": "375",
      "symbol": "ZRC-USDT",
      "takerOrderId": "67444aa76967d30007f15288",
      "time": "1732528807109000000",
      "tradeId": "5672965862602753",
      "type": "match",
      "time_received": "10:00:07.1620"
    },
    {
      "makerOrderId": "67444aa768486d00077781fb",
      "price": "0.0845",
      "sequence": "5672966015170561",
      "side": "sell",
      "size": "895.2",
      "symbol": "ZRC-USDT",
      "takerOrderId": "67444aa767cdc9000738f579",
      "time": "1732528807530000000",
      "tradeId": "5672966015170561",
      "type": "match",
      "time_received": "10:00:07.5778"
    },
    {
      "makerOrderId": "67444aa70d855300070c969a",
      "price": "0.08333",
      "sequence": "5672966015170564",
      "side": "sell",
      "size": "22.9",
      "symbol": "ZRC-USDT",
      "takerOrderId": "67444aa767cdc9000738f579",
      "time": "1732528807530000000",
      "tradeId": "5672966015170564",
      "type": "match",
      "time_received": "10:00:07.5807"
    },
    {
      "makerOrderId": "67444aa7d52cb80007eb2f23",
      "price": "0.08309",
      "sequence": "5672966015170567",
      "side": "sell",
      "size": "206.5",
      "symbol": "ZRC-USDT",
      "takerOrderId": "67444aa767cdc9000738f579",
      "time": "1732528807530000000",
      "tradeId": "5672966015170567",
      "type": "match",
      "time_received": "10:00:07.5810"
    },
    {
      "makerOrderId": "67444aa7b7e21a0007514dd1",
      "price": "0.08309",
      "sequence": "5672966015170570",
      "side": "sell",
      "size": "581.5",
      "symbol": "ZRC-USDT",
      "takerOrderId": "67444aa767cdc9000738f579",
      "time": "1732528807530000000",
      "tradeId": "5672966015170570",
      "type": "match",
      "time_received": "10:00:07.5810"
    },
    {
      "makerOrderId": "67444aa7f4a7c5000787ccd5",
      "price": "0.08309",
      "sequence": "5672966015170573",
      "side": "sell",
      "size": "581.5",
      "symbol": "ZRC-USDT",
      "takerOrderId": "67444aa767cdc9000738f579",
      "time": "1732528807530000000",
      "tradeId": "5672966015170573",
      "type": "match",
      "time_received": "10:00:07.5811"
    },
    {
      "makerOrderId": "67444aa767cdc9000738f579",
      "price": "0.083",
      "sequence": "5672966060783617",
      "side": "buy",
      "size": "671.4",
      "symbol": "ZRC-USDT",
      "takerOrderId": "67444aa7d52cb80007eb334f",
      "time": "1732528807638000000",
      "tradeId": "5672966060783617",
      "type": "match",
      "time_received": "10:00:07.6821"
    },
    {
      "makerOrderId": "67444aa767cdc9000738f579",
      "price": "0.083",
      "sequence": "5672966081361921",
      "side": "buy",
      "size": "1574.8",
      "symbol": "ZRC-USDT",
      "takerOrderId": "67444aa7f4f1200007a63c9b",
      "time": "1732528807686000000",
      "tradeId": "5672966081361921",
      "type": "match",
      "time_received": "10:00:07.7395"
    },
    {
      "makerOrderId": "67444aa7c5ba7400077606e4",
      "price": "0.08677",
      "sequence": "5672966081361924",
      "side": "buy",
      "size": "581.5",
      "symbol": "ZRC-USDT",
      "takerOrderId": "67444aa7f4f1200007a63c9b",
      "time": "1732528807686000000",
      "tradeId": "5672966081361924",
      "type": "match",
      "time_received": "10:00:07.7396"
    },
    {
      "makerOrderId": "67444aa7d52cb80007eb32df",
      "price": "0.08888",
      "sequence": "5672966081361927",
      "side": "buy",
      "size": "576.7",
      "symbol": "ZRC-USDT",
      "takerOrderId": "67444aa7f4f1200007a63c9b",
      "time": "1732528807686000000",
      "tradeId": "5672966081361927",
      "type": "match",
      "time_received": "10:00:07.7397"
    },
    {
      "makerOrderId": "67444aa7f4a7c5000787d01a",
      "price": "0.08888",
      "sequence": "5672966081361930",
      "side": "buy",
      "size": "227",
      "symbol": "ZRC-USDT",
      "takerOrderId": "67444aa7f4f1200007a63c9b",
      "time": "1732528807686000000",
      "tradeId": "5672966081361930",
      "type": "match",
      "time_received": "10:00:07.7398"
    },
    {
      "makerOrderId": "67444aa8d52cb80007eb3f8f",
      "price": "0.08796",
      "sequence": "5672966778796033",
      "side": "buy",
      "size": "671.4",
      "symbol": "ZRC-USDT",
      "takerOrderId": "67444aa9ae93cc0007b62407",
      "time": "1732528809268000000",
      "tradeId": "5672966778796033",
      "type": "match",
      "time_received": "10:00:09.3128"
    },
    {
      "makerOrderId": "67444aa9ae93cc0007b6237a",
      "price": "0.08888",
      "sequence": "5672966778796036",
      "side": "buy",
      "size": "354.5",
      "symbol": "ZRC-USDT",
      "takerOrderId": "67444aa9ae93cc0007b62407",
      "time": "1732528809268000000",
      "tradeId": "5672966778796036",
      "type": "match",
      "time_received": "10:00:09.3179"
    },
    {
      "makerOrderId": "6744497ac65bf700071980c5",
      "price": "0.08889",
      "sequence": "5672966778796039",
      "side": "buy",
      "size": "2011.2",
      "symbol": "ZRC-USDT",
      "takerOrderId": "67444aa9ae93cc0007b62407",
      "time": "1732528809268000000",
      "tradeId": "5672966778796039",
      "type": "match",
      "time_received": "10:00:09.3180"
    },
    {
      "makerOrderId": "6744428937061e0007fb39bb",
      "price": "0.08985",
      "sequence": "5672966778796042",
      "side": "buy",
      "size": "4272.9",
      "symbol": "ZRC-USDT",
      "takerOrderId": "67444aa9ae93cc0007b62407",
      "time": "1732528809268000000",
      "tradeId": "5672966778796042",
      "type": "match",
      "time_received": "10:00:09.3180"
    },
    {
      "makerOrderId": "67444aa9088f01000795f003",
      "price": "0.08856",
      "sequence": "5672967020099585",
      "side": "buy",
      "size": "1129.2",
      "symbol": "ZRC-USDT",
      "takerOrderId": "67444aa9d52cb80007eb4706",
      "time": "1732528809800000000",
      "tradeId": "5672967020099585",
      "type": "match",
      "time_received": "10:00:09.8471"
    },
    {
      "makerOrderId": "67444aa90d855300070caa49",
      "price": "0.08882",
      "sequence": "5672967020099588",
      "side": "buy",
      "size": "1125.8",
      "symbol": "ZRC-USDT",
      "takerOrderId": "67444aa9d52cb80007eb4706",
      "time": "1732528809800000000",
      "tradeId": "5672967020099588",
      "type": "match",
      "time_received": "10:00:09.8471"
    },
    {
      "makerOrderId": "67444aa90d855300070caa4a",
      "price": "0.089",
      "sequence": "5672967020099591",
      "side": "buy",
      "size": "1115",
      "symbol": "ZRC-USDT",
      "takerOrderId": "67444aa9d52cb80007eb4706",
      "time": "1732528809800000000",
      "tradeId": "5672967020099591",
      "type": "match",
      "time_received": "10:00:09.8472"
    },
    {
      "makerOrderId": "67444aaab7e21a00075168dd",
      "price": "0.08611",
      "sequence": "5672967740733445",
      "side": "buy",
      "size": "749",
      "symbol": "ZRC-USDT",
      "takerOrderId": "67444aab4fe7460007e86c17",
      "time": "1732528811438000000",
      "tradeId": "5672967740733445",
      "type": "match",
      "time_received": "10:00:11.4912"
    },
    {
      "makerOrderId": "6744428937061e0007fb39bb",
      "price": "0.08985",
      "sequence": "5672967740733448",
      "side": "buy",
      "size": "1227.1",
      "symbol": "ZRC-USDT",
      "takerOrderId": "67444aab4fe7460007e86c17",
      "time": "1732528811438000000",
      "tradeId": "5672967740733448",
      "type": "match",
      "time_received": "10:00:11.4915"
    },
    {
      "makerOrderId": "674447dedf6f6e00074f2e5f",
      "price": "0.09",
      "sequence": "5672967740733451",
      "side": "buy",
      "size": "1000",
      "symbol": "ZRC-USDT",
      "takerOrderId": "67444aab4fe7460007e86c17",
      "time": "1732528811438000000",
      "tradeId": "5672967740733451",
      "type": "match",
      "time_received": "10:00:11.4916"
    },
    {
      "makerOrderId": "6744497ab7e21a00074a1b8b",
      "price": "0.09167",
      "sequence": "5672967740733454",
      "side": "buy",
      "size": "513.9",
      "symbol": "ZRC-USDT",
      "takerOrderId": "67444aab4fe7460007e86c17",
      "time": "1732528811438000000",
      "tradeId": "5672967740733454",
      "type": "match",
      "time_received": "10:00:11.4917"
    },
    {
      "makerOrderId": "6744497ab7e21a00074a1b8b",
      "price": "0.09167",
      "sequence": "5672968009299975",
      "side": "buy",
      "size": "2049.4",
      "symbol": "ZRC-USDT",
      "takerOrderId": "67444aabc65bf7000720e2cb",
      "time": "1732528811941000000",
      "tradeId": "5672968009299975",
      "type": "match",
      "time_received": "10:00:11.9848"
    },
    {
      "makerOrderId": "67444aa4c5ba74000775eb7c",
      "price": "0.09274",
      "sequence": "5672968009299978",
      "side": "buy",
      "size": "284",
      "symbol": "ZRC-USDT",
      "takerOrderId": "67444aabc65bf7000720e2cb",
      "time": "1732528811941000000",
      "tradeId": "5672968009299978",
      "type": "match",
      "time_received": "10:00:11.9849"
    },
    {
      "makerOrderId": "674449770d85530007055181",
      "price": "0.09444",
      "sequence": "5672968009299981",
      "side": "buy",
      "size": "3008.3",
      "symbol": "ZRC-USDT",
      "takerOrderId": "67444aabc65bf7000720e2cb",
      "time": "1732528811941000000",
      "tradeId": "5672968009299981",
      "type": "match",
      "time_received": "10:00:11.9849"
    },
    {
      "makerOrderId": "6744481531d095000707f1a9",
      "price": "0.095",
      "sequence": "5672968009299984",
      "side": "buy",
      "size": "1000",
      "symbol": "ZRC-USDT",
      "takerOrderId": "67444aabc65bf7000720e2cb",
      "time": "1732528811941000000",
      "tradeId": "5672968009299984",
      "type": "match",
      "time_received": "10:00:11.9850"
    },
    {
      "makerOrderId": "67444289df6f6e00072a7289",
      "price": "0.09538",
      "sequence": "5672968009299987",
      "side": "buy",
      "size": "1588.3",
      "symbol": "ZRC-USDT",
      "takerOrderId": "67444aabc65bf7000720e2cb",
      "time": "1732528811941000000",
      "tradeId": "5672968009299987",
      "type": "match",
      "time_received": "10:00:11.9850"
    },
    {
      "makerOrderId": "67444aacae93cc0007b63df5",
      "price": "0.09135",
      "sequence": "5672968112453633",
      "side": "sell",
      "size": "749",
      "symbol": "ZRC-USDT",
      "takerOrderId": "67444aacae93cc0007b63e6b",
      "time": "1732528812120000000",
      "tradeId": "5672968112453633",
      "type": "match",
      "time_received": "10:00:12.1708"
    },
    {
      "makerOrderId": "67444289df6f6e00072a7289",
      "price": "0.09538",
      "sequence": "5672968267118593",
      "side": "buy",
      "size": "5050",
      "symbol": "ZRC-USDT",
      "takerOrderId": "67444aacae93cc0007b6420e",
      "time": "1732528812468000000",
      "tradeId": "5672968267118593",
      "type": "match",
      "time_received": "10:00:12.5147"
    },
    {
      "makerOrderId": "67444289df6f6e00072a7289",
      "price": "0.09538",
      "sequence": "5672968330164227",
      "side": "buy",
      "size": "231.7",
      "symbol": "ZRC-USDT",
      "takerOrderId": "67444aac31d095000718ebfb",
      "time": "1732528812586000000",
      "tradeId": "5672968330164227",
      "type": "match",
      "time_received": "10:00:12.6410"
    },
    {
      "makerOrderId": "67444977f4f12000079ef44a",
      "price": "0.09722",
      "sequence": "5672968330164230",
      "side": "buy",
      "size": "3363.8",
      "symbol": "ZRC-USDT",
      "takerOrderId": "67444aac31d095000718ebfb",
      "time": "1732528812586000000",
      "tradeId": "5672968330164230",
      "type": "match",
      "time_received": "10:00:12.6411"
    },
    {
      "makerOrderId": "674447e00d85530007fa7007",
      "price": "0.1",
      "sequence": "5672968330164233",
      "side": "buy",
      "size": "1000",
      "symbol": "ZRC-USDT",
      "takerOrderId": "67444aac31d095000718ebfb",
      "time": "1732528812586000000",
      "tradeId": "5672968330164233",
      "type": "match",
      "time_received": "10:00:12.6411"
    },
    {
      "makerOrderId": "6744493bc5ba7400076d16f2",
      "price": "0.1",
      "sequence": "5672968330164236",
      "side": "buy",
      "size": "34343",
      "symbol": "ZRC-USDT",
      "takerOrderId": "67444aac31d095000718ebfb",
      "time": "1732528812586000000",
      "tradeId": "5672968330164236",
      "type": "match",
      "time_received": "10:00:12.6412"
    },
    {
      "makerOrderId": "6744497767cdc9000731ad2e",
      "price": "0.1",
      "sequence": "5672968330164239",
      "side": "buy",
      "size": "4017.4",
      "symbol": "ZRC-USDT",
      "takerOrderId": "67444aac31d095000718ebfb",
      "time": "1732528812586000000",
      "tradeId": "5672968330164239",
      "type": "match",
      "time_received": "10:00:12.6412"
    },
    {
      "makerOrderId": "67444978b7e21a00074a1392",
      "price": "0.1",
      "sequence": "5672968330164242",
      "side": "buy",
      "size": "105",
      "symbol": "ZRC-USDT",
      "takerOrderId": "67444aac31d095000718ebfb",
      "time": "1732528812586000000",
      "tradeId": "5672968330164242",
      "type": "match",
      "time_received": "10:00:12.6412"
    },
    {
      "makerOrderId": "67444289c65bf70007e9c378",
      "price": "0.10092",
      "sequence": "5672968589424645",
      "side": "buy",
      "size": "3470",
      "symbol": "ZRC-USDT",
      "takerOrderId": "67444aac67cdc900073929bc",
      "time": "1732528812992000000",
      "tradeId": "5672968589424645",
      "type": "match",
      "time_received": "10:00:13.0392"
    },
    {
      "makerOrderId": "67444289c65bf70007e9c378",
      "price": "0.10092",
      "sequence": "5672968628484103",
      "side": "buy",
      "size": "101.6",
      "symbol": "ZRC-USDT",
      "takerOrderId": "67444aad6967d30007f189ec",
      "time": "1732528813056000000",
      "tradeId": "5672968628484103",
      "type": "match",
      "time_received": "10:00:13.1039"
    },
    {
      "makerOrderId": "67444aac31d095000718ebfb",
      "price": "0.1",
      "sequence": "5672968766109697",
      "side": "sell",
      "size": "749",
      "symbol": "ZRC-USDT",
      "takerOrderId": "67444aad67cdc90007392ce3",
      "time": "1732528813330000000",
      "tradeId": "5672968766109697",
      "type": "match",
      "time_received": "10:00:13.3784"
    },
    {
      "makerOrderId": "67444289c65bf70007e9c378",
      "price": "0.10092",
      "sequence": "5672968817752065",
      "side": "buy",
      "size": "103",
      "symbol": "ZRC-USDT",
      "takerOrderId": "67444aad67cdc90007392e19",
      "time": "1732528813475000000",
      "tradeId": "5672968817752065",
      "type": "match",
      "time_received": "10:00:13.5227"
    },
    {
      "makerOrderId": "67444289c65bf70007e9c378",
      "price": "0.10092",
      "sequence": "5672968825092097",
      "side": "buy",
      "size": "4915.4",
      "symbol": "ZRC-USDT",
      "takerOrderId": "67444aadc65bf7000720f285",
      "time": "1732528813495000000",
      "tradeId": "5672968825092097",
      "type": "match",
      "time_received": "10:00:13.5405"
    },
    {
      "makerOrderId": "67444a54f4a7c5000785cd00",
      "price": "0.1047",
      "sequence": "5672968825092100",
      "side": "buy",
      "size": "2200",
      "symbol": "ZRC-USDT",
      "takerOrderId": "67444aadc65bf7000720f285",
      "time": "1732528813495000000",
      "tradeId": "5672968825092100",
      "type": "match",
      "time_received": "10:00:13.5407"
    },
    {
      "makerOrderId": "67444978f15b27000786a064",
      "price": "0.10556",
      "sequence": "5672968825092103",
      "side": "buy",
      "size": "2244.6",
      "symbol": "ZRC-USDT",
      "takerOrderId": "67444aadc65bf7000720f285",
      "time": "1732528813495000000",
      "tradeId": "5672968825092103",
      "type": "match",
      "time_received": "10:00:13.5407"
    },
    {
      "makerOrderId": "67444978f15b27000786a064",
      "price": "0.10556",
      "sequence": "5672968873850881",
      "side": "buy",
      "size": "2341.6",
      "symbol": "ZRC-USDT",
      "takerOrderId": "67444aadcf286a00072c8185",
      "time": "1732528813638000000",
      "tradeId": "5672968873850881",
      "type": "match",
      "time_received": "10:00:13.6925"
    },
    {
      "makerOrderId": "67444289f4a7c5000750d4a6",
      "price": "0.10646",
      "sequence": "5672968873850884",
      "side": "buy",
      "size": "4109.4",
      "symbol": "ZRC-USDT",
      "takerOrderId": "67444aadcf286a00072c8185",
      "time": "1732528813638000000",
      "tradeId": "5672968873850884",
      "type": "match",
      "time_received": "10:00:13.6926"
    },
    {
      "makerOrderId": "67444289f4a7c5000750d4a6",
      "price": "0.10646",
      "sequence": "5672968942925825",
      "side": "buy",
      "size": "876",
      "symbol": "ZRC-USDT",
      "takerOrderId": "67444aadf1bf4000078246f5",
      "time": "1732528813869000000",
      "tradeId": "5672968942925825",
      "type": "match",
      "time_received": "10:00:13.9163"
    },
    {
      "makerOrderId": "67444289f4a7c5000750d4a6",
      "price": "0.10646",
      "sequence": "5672969029302273",
      "side": "buy",
      "size": "2100",
      "symbol": "ZRC-USDT",
      "takerOrderId": "67444aaeae93cc0007b650ad",
      "time": "1732528814033000000",
      "tradeId": "5672969029302273",
      "type": "match",
      "time_received": "10:00:14.0850"
    },
    {
      "makerOrderId": "67444289f4a7c5000750d4a6",
      "price": "0.10646",
      "sequence": "5672969033234433",
      "side": "buy",
      "size": "100.9",
      "symbol": "ZRC-USDT",
      "takerOrderId": "67444aaec65bf7000720f680",
      "time": "1732528814037000000",
      "tradeId": "5672969033234433",
      "type": "match",
      "time_received": "10:00:14.0852"
    },
    {
      "makerOrderId": "67444289f4a7c5000750d4a6",
      "price": "0.10646",
      "sequence": "5672969149102081",
      "side": "buy",
      "size": "93.8",
      "symbol": "ZRC-USDT",
      "takerOrderId": "67444aae31d095000718fbbb",
      "time": "1732528814275000000",
      "tradeId": "5672969149102081",
      "type": "match",
      "time_received": "10:00:14.3222"
    },
    {
      "makerOrderId": "67444289f4a7c5000750d4a6",
      "price": "0.10646",
      "sequence": "5672969210181633",
      "side": "buy",
      "size": "91.3",
      "symbol": "ZRC-USDT",
      "takerOrderId": "67444aaecf286a00072c8868",
      "time": "1732528814444000000",
      "tradeId": "5672969210181633",
      "type": "match",
      "time_received": "10:00:14.4883"
    },
    {
      "makerOrderId": "67444289f4a7c5000750d4a6",
      "price": "0.10646",
      "sequence": "5672969230235649",
      "side": "buy",
      "size": "907",
      "symbol": "ZRC-USDT",
      "takerOrderId": "67444aaef1bf400007824c49",
      "time": "1732528814487000000",
      "tradeId": "5672969230235649",
      "type": "match",
      "time_received": "10:00:14.5366"
    },
    {
      "makerOrderId": "67444289f4a7c5000750d4a6",
      "price": "0.10646",
      "sequence": "5672969260120065",
      "side": "buy",
      "size": "2461.6",
      "symbol": "ZRC-USDT",
      "takerOrderId": "67444aae68486d000777c2e7",
      "time": "1732528814573000000",
      "tradeId": "5672969260120065",
      "type": "match",
      "time_received": "10:00:14.6210"
    },
    {
      "makerOrderId": "67444978f4f12000079ef739",
      "price": "0.11111",
      "sequence": "5672969260120068",
      "side": "buy",
      "size": "2628.4",
      "symbol": "ZRC-USDT",
      "takerOrderId": "67444aae68486d000777c2e7",
      "time": "1732528814573000000",
      "tradeId": "5672969260120068",
      "type": "match",
      "time_received": "10:00:14.6211"
    },
    {
      "makerOrderId": "67444978f4f12000079ef739",
      "price": "0.11111",
      "sequence": "5672969439688705",
      "side": "buy",
      "size": "884.9",
      "symbol": "ZRC-USDT",
      "takerOrderId": "67444aaf0d855300070cdc06",
      "time": "1732528815038000000",
      "tradeId": "5672969439688705",
      "type": "match",
      "time_received": "10:00:15.0852"
    },
    {
      "makerOrderId": "67444978f4f12000079ef739",
      "price": "0.11111",
      "sequence": "5672969458563073",
      "side": "buy",
      "size": "3900",
      "symbol": "ZRC-USDT",
      "takerOrderId": "67444aaf31d0950007190184",
      "time": "1732528815092000000",
      "tradeId": "5672969458563073",
      "type": "match",
      "time_received": "10:00:15.1372"
    },
    {
      "makerOrderId": "67444978f4f12000079ef739",
      "price": "0.11111",
      "sequence": "5672969494345729",
      "side": "buy",
      "size": "88.3",
      "symbol": "ZRC-USDT",
      "takerOrderId": "67444aaf1586c100078c82c2",
      "time": "1732528815200000000",
      "tradeId": "5672969494345729",
      "type": "match",
      "time_received": "10:00:15.2464"
    },
    {
      "makerOrderId": "67444978f4f12000079ef739",
      "price": "0.11111",
      "sequence": "5672969607067649",
      "side": "buy",
      "size": "886.2",
      "symbol": "ZRC-USDT",
      "takerOrderId": "67444aaff4f1200007a68255",
      "time": "1732528815540000000",
      "tradeId": "5672969607067649",
      "type": "match",
      "time_received": "10:00:15.5872"
    },
    {
      "makerOrderId": "67444978f4f12000079ef739",
      "price": "0.11111",
      "sequence": "5672969634330625",
      "side": "buy",
      "size": "625",
      "symbol": "ZRC-USDT",
      "takerOrderId": "67444aaf68486d000777ca07",
      "time": "1732528815625000000",
      "tradeId": "5672969634330625",
      "type": "match",
      "time_received": "10:00:15.6740"
    },
    {
      "makerOrderId": "67444289d52cb80007b431a0",
      "price": "0.112",
      "sequence": "5672969634330628",
      "side": "buy",
      "size": "3690",
      "symbol": "ZRC-USDT",
      "takerOrderId": "67444aaf68486d000777ca07",
      "time": "1732528815625000000",
      "tradeId": "5672969634330628",
      "type": "match",
      "time_received": "10:00:15.6741"
    },
    {
      "makerOrderId": "67444aa2b7e21a0007512488",
      "price": "0.1125",
      "sequence": "5672969634330631",
      "side": "buy",
      "size": "15",
      "symbol": "ZRC-USDT",
      "takerOrderId": "67444aaf68486d000777ca07",
      "time": "1732528815625000000",
      "tradeId": "5672969634330631",
      "type": "match",
      "time_received": "10:00:15.6742"
    },
    {
      "makerOrderId": "67444aa2b7e21a0007512488",
      "price": "0.1125",
      "sequence": "5672969677191169",
      "side": "buy",
      "size": "43.6",
      "symbol": "ZRC-USDT",
      "takerOrderId": "67444aaf67cdc90007393f30",
      "time": "1732528815726000000",
      "tradeId": "5672969677191169",
      "type": "match",
      "time_received": "10:00:15.7748"
    },
    {
      "makerOrderId": "67444a554fe7460007e64a87",
      "price": "0.1147",
      "sequence": "5672969698686977",
      "side": "buy",
      "size": "823.8",
      "symbol": "ZRC-USDT",
      "takerOrderId": "67444aaf1586c100078c86b9",
      "time": "1732528815783000000",
      "tradeId": "5672969698686977",
      "type": "match",
      "time_received": "10:00:15.8311"
    },
    {
      "makerOrderId": "67444a554fe7460007e64a87",
      "price": "0.1147",
      "sequence": "5672969726998529",
      "side": "buy",
      "size": "853",
      "symbol": "ZRC-USDT",
      "takerOrderId": "67444aafdf6f6e000761b6ba",
      "time": "1732528815868000000",
      "tradeId": "5672969726998529",
      "type": "match",
      "time_received": "10:00:15.9161"
    },
    {
      "makerOrderId": "67444a554fe7460007e64a87",
      "price": "0.1147",
      "sequence": "5672969754916865",
      "side": "buy",
      "size": "523.2",
      "symbol": "ZRC-USDT",
      "takerOrderId": "67444aafc65bf70007210447",
      "time": "1732528815896000000",
      "tradeId": "5672969754916865",
      "type": "match",
      "time_received": "10:00:15.9448"
    },
    {
      "makerOrderId": "67444978c5ba7400076ec13c",
      "price": "0.11667",
      "sequence": "5672969754916868",
      "side": "buy",
      "size": "300.6",
      "symbol": "ZRC-USDT",
      "takerOrderId": "67444aafc65bf70007210447",
      "time": "1732528815896000000",
      "tradeId": "5672969754916868",
      "type": "match",
      "time_received": "10:00:15.9449"
    },
    {
      "makerOrderId": "67444978c5ba7400076ec13c",
      "price": "0.11667",
      "sequence": "5672969793320961",
      "side": "buy",
      "size": "853",
      "symbol": "ZRC-USDT",
      "takerOrderId": "67444ab0f4a7c50007881a94",
      "time": "1732528816012000000",
      "tradeId": "5672969793320961",
      "type": "match",
      "time_received": "10:00:16.0610"
    },
    {
      "makerOrderId": "67444978c5ba7400076ec13c",
      "price": "0.11667",
      "sequence": "5672969863837697",
      "side": "buy",
      "size": "6050",
      "symbol": "ZRC-USDT",
      "takerOrderId": "67444ab0c5ba740007765246",
      "time": "1732528816182000000",
      "tradeId": "5672969863837697",
      "type": "match",
      "time_received": "10:00:16.2307"
    },
    {
      "makerOrderId": "67444ab0df6f6e000761b810",
      "price": "0.11628",
      "sequence": "5672969951393793",
      "side": "sell",
      "size": "859.9",
      "symbol": "ZRC-USDT",
      "takerOrderId": "67444ab0ae93cc0007b66288",
      "time": "1732528816429000000",
      "tradeId": "5672969951393793",
      "type": "match",
      "time_received": "10:00:16.4802"
    },
    {
      "makerOrderId": "67444aaf67cdc90007393f30",
      "price": "0.11346",
      "sequence": "5672969951393796",
      "side": "sell",
      "size": "29",
      "symbol": "ZRC-USDT",
      "takerOrderId": "67444ab0ae93cc0007b66288",
      "time": "1732528816429000000",
      "tradeId": "5672969951393796",
      "type": "match",
      "time_received": "10:00:16.4806"
    },
    {
      "makerOrderId": "67444aaf67cdc90007393f30",
      "price": "0.11346",
      "sequence": "5672969951524865",
      "side": "sell",
      "size": "808.7",
      "symbol": "ZRC-USDT",
      "takerOrderId": "67444ab0ae93cc0007b66287",
      "time": "1732528816429000000",
      "tradeId": "5672969951524865",
      "type": "match",
      "time_received": "10:00:16.4807"
    },
    {
      "makerOrderId": "67444ab0c5ba74000776543a",
      "price": "0.11283",
      "sequence": "5672969953097729",
      "side": "buy",
      "size": "886.3",
      "symbol": "ZRC-USDT",
      "takerOrderId": "67444ab0cf286a00072c96f6",
      "time": "1732528816431000000",
      "tradeId": "5672969953097729",
      "type": "match",
      "time_received": "10:00:16.4808"
    },
    {
      "makerOrderId": "67444ab04fe7460007e89887",
      "price": "0.11306",
      "sequence": "5672969953097732",
      "side": "buy",
      "size": "884.5",
      "symbol": "ZRC-USDT",
      "takerOrderId": "67444ab0cf286a00072c96f6",
      "time": "1732528816431000000",
      "tradeId": "5672969953097732",
      "type": "match",
      "time_received": "10:00:16.4808"
    },
    {
      "makerOrderId": "67444ab0ae93cc0007b66287",
      "price": "0.11339",
      "sequence": "5672969953097735",
      "side": "buy",
      "size": "73.2",
      "symbol": "ZRC-USDT",
      "takerOrderId": "67444ab0cf286a00072c96f6",
      "time": "1732528816431000000",
      "tradeId": "5672969953097735",
      "type": "match",
      "time_received": "10:00:16.4808"
    },
    {
      "makerOrderId": "67444ab0c5ba740007765439",
      "price": "0.11373",
      "sequence": "5672969953097738",
      "side": "buy",
      "size": "1678.6",
      "symbol": "ZRC-USDT",
      "takerOrderId": "67444ab0cf286a00072c96f6",
      "time": "1732528816431000000",
      "tradeId": "5672969953097738",
      "type": "match",
      "time_received": "10:00:16.4808"
    },
    {
      "makerOrderId": "67444978c5ba7400076ec13c",
      "price": "0.11667",
      "sequence": "5672969953097741",
      "side": "buy",
      "size": "5039",
      "symbol": "ZRC-USDT",
      "takerOrderId": "67444ab0cf286a00072c96f6",
      "time": "1732528816431000000",
      "tradeId": "5672969953097741",
      "type": "match",
      "time_received": "10:00:16.4809"
    },
    {
      "makerOrderId": "67444978c5ba7400076ec13c",
      "price": "0.11667",
      "sequence": "5672969961355265",
      "side": "buy",
      "size": "853",
      "symbol": "ZRC-USDT",
      "takerOrderId": "67444ab0c5ba740007765470",
      "time": "1732528816451000000",
      "tradeId": "5672969961355265",
      "type": "match",
      "time_received": "10:00:16.4995"
    },
    {
      "makerOrderId": "67444aaf4fe7460007e89505",
      "price": "0.11232",
      "sequence": "5672970026629121",
      "side": "sell",
      "size": "89",
      "symbol": "ZRC-USDT",
      "takerOrderId": "67444ab0f4f1200007a68a9f",
      "time": "1732528816642000000",
      "tradeId": "5672970026629121",
      "type": "match",
      "time_received": "10:00:16.6894"
    },
    {
      "makerOrderId": "67444ab0088f010007962a31",
      "price": "0.11232",
      "sequence": "5672970026629124",
      "side": "sell",
      "size": "89",
      "symbol": "ZRC-USDT",
      "takerOrderId": "67444ab0f4f1200007a68a9f",
      "time": "1732528816642000000",
      "tradeId": "5672970026629124",
      "type": "match",
      "time_received": "10:00:16.6895"
    },
    {
      "makerOrderId": "67444ab0f4a7c50007881cbc",
      "price": "0.11232",
      "sequence": "5672970026629127",
      "side": "sell",
      "size": "89",
      "symbol": "ZRC-USDT",
      "takerOrderId": "67444ab0f4f1200007a68a9f",
      "time": "1732528816642000000",
      "tradeId": "5672970026629127",
      "type": "match",
      "time_received": "10:00:16.6896"
    },
    {
      "makerOrderId": "67444aaf67cdc90007393fc3",
      "price": "0.11035",
      "sequence": "5672970026629130",
      "side": "sell",
      "size": "186.7",
      "symbol": "ZRC-USDT",
      "takerOrderId": "67444ab0f4f1200007a68a9f",
      "time": "1732528816642000000",
      "tradeId": "5672970026629130",
      "type": "match",
      "time_received": "10:00:16.6896"
    },
    {
      "makerOrderId": "67444aaf68486d000777c982",
      "price": "0.11016",
      "sequence": "5672970026629133",
      "side": "sell",
      "size": "90.7",
      "symbol": "ZRC-USDT",
      "takerOrderId": "67444ab0f4f1200007a68a9f",
      "time": "1732528816642000000",
      "tradeId": "5672970026629133",
      "type": "match",
      "time_received": "10:00:16.6896"
    },
    {
      "makerOrderId": "67444aaeb7e21a00075192a4",
      "price": "0.109",
      "sequence": "5672970026629136",
      "side": "sell",
      "size": "16815.6",
      "symbol": "ZRC-USDT",
      "takerOrderId": "67444ab0f4f1200007a68a9f",
      "time": "1732528816642000000",
      "tradeId": "5672970026629136",
      "type": "match",
      "time_received": "10:00:16.6896"
    },
    {
      "makerOrderId": "67444ab0f4a7c50007881f2a",
      "price": "0.11283",
      "sequence": "5672970122442753",
      "side": "buy",
      "size": "93.3",
      "symbol": "ZRC-USDT",
      "takerOrderId": "67444ab068486d000777d2ed",
      "time": "1732528816891000000",
      "tradeId": "5672970122442753",
      "type": "match",
      "time_received": "10:00:16.9397"
    },
    {
      "makerOrderId": "67444ab0f15b2700078e395f",
      "price": "0.11283",
      "sequence": "5672970122442756",
      "side": "buy",
      "size": "93.4",
      "symbol": "ZRC-USDT",
      "takerOrderId": "67444ab068486d000777d2ed",
      "time": "1732528816891000000",
      "tradeId": "5672970122442756",
      "type": "match",
      "time_received": "10:00:16.9398"
    },
    {
      "makerOrderId": "67444978c5ba7400076ec13c",
      "price": "0.11667",
      "sequence": "5672970122442759",
      "side": "buy",
      "size": "223.3",
      "symbol": "ZRC-USDT",
      "takerOrderId": "67444ab068486d000777d2ed",
      "time": "1732528816891000000",
      "tradeId": "5672970122442759",
      "type": "match",
      "time_received": "10:00:16.9399"
    },
    {
      "makerOrderId": "6744428937061e0007fb3bc0",
      "price": "0.11754",
      "sequence": "5672970122442762",
      "side": "buy",
      "size": "438.8",
      "symbol": "ZRC-USDT",
      "takerOrderId": "67444ab068486d000777d2ed",
      "time": "1732528816891000000",
      "tradeId": "5672970122442762",
      "type": "match",
      "time_received": "10:00:16.9399"
    },
    {
      "makerOrderId": "67444ab14fe7460007e89d1b",
      "price": "0.1115",
      "sequence": "5672970204100609",
      "side": "sell",
      "size": "44.8",
      "symbol": "ZRC-USDT",
      "takerOrderId": "67444ab131d0950007190ff4",
      "time": "1732528817163000000",
      "tradeId": "5672970204100609",
      "type": "match",
      "time_received": "10:00:17.2107"
    },
    {
      "makerOrderId": "67444ab037061e0007327b41",
      "price": "0.10901",
      "sequence": "5672970204100612",
      "side": "sell",
      "size": "536.1",
      "symbol": "ZRC-USDT",
      "takerOrderId": "67444ab131d0950007190ff4",
      "time": "1732528817163000000",
      "tradeId": "5672970204100612",
      "type": "match",
      "time_received": "10:00:17.2108"
    },
    {
      "makerOrderId": "67444ab0c65bf70007210ad9",
      "price": "0.10901",
      "sequence": "5672970204100615",
      "side": "sell",
      "size": "438.3",
      "symbol": "ZRC-USDT",
      "takerOrderId": "67444ab131d0950007190ff4",
      "time": "1732528817163000000",
      "tradeId": "5672970204100615",
      "type": "match",
      "time_received": "10:00:17.2109"
    },
    {
      "makerOrderId": "67444ab068486d000777d2bf",
      "price": "0.10901",
      "sequence": "5672970204100618",
      "side": "sell",
      "size": "443.1",
      "symbol": "ZRC-USDT",
      "takerOrderId": "67444ab131d0950007190ff4",
      "time": "1732528817163000000",
      "tradeId": "5672970204100618",
      "type": "match",
      "time_received": "10:00:17.2110"
    },
    {
      "makerOrderId": "67444ab0088f010007962f56",
      "price": "0.10901",
      "sequence": "5672970204100621",
      "side": "sell",
      "size": "443.1",
      "symbol": "ZRC-USDT",
      "takerOrderId": "67444ab131d0950007190ff4",
      "time": "1732528817163000000",
      "tradeId": "5672970204100621",
      "type": "match",
      "time_received": "10:00:17.2110"
    },
    {
      "makerOrderId": "67444aaeb7e21a00075192a4",
      "price": "0.109",
      "sequence": "5672970204100624",
      "side": "sell",
      "size": "1533",
      "symbol": "ZRC-USDT",
      "takerOrderId": "67444ab131d0950007190ff4",
      "time": "1732528817163000000",
      "tradeId": "5672970204100624",
      "type": "match",
      "time_received": "10:00:17.2111"
    },
    {
      "makerOrderId": "67444aaed52cb80007eb751a",
      "price": "0.109",
      "sequence": "5672970204100627",
      "side": "sell",
      "size": "13861.6",
      "symbol": "ZRC-USDT",
      "takerOrderId": "67444ab131d0950007190ff4",
      "time": "1732528817163000000",
      "tradeId": "5672970204100627",
      "type": "match",
      "time_received": "10:00:17.2114"
    },
    {
      "makerOrderId": "6744428937061e0007fb3bc0",
      "price": "0.11754",
      "sequence": "5672970251155457",
      "side": "buy",
      "size": "835.7",
      "symbol": "ZRC-USDT",
      "takerOrderId": "67444ab10d855300070cebcf",
      "time": "1732528817300000000",
      "tradeId": "5672970251155457",
      "type": "match",
      "time_received": "10:00:17.3493"
    },
    {
      "makerOrderId": "67444ab3c65bf70007211a72",
      "price": "0.115",
      "sequence": "5672971154896897",
      "side": "buy",
      "size": "2150.5",
      "symbol": "ZRC-USDT",
      "takerOrderId": "67444ab3f4a7c500078834f7",
      "time": "1732528819817000000",
      "tradeId": "5672971154896897",
      "type": "match",
      "time_received": "10:00:19.8649"
    },
    {
      "makerOrderId": "67444ab3f4f1200007a69fd8",
      "price": "0.11671",
      "sequence": "5672971154896900",
      "side": "buy",
      "size": "435.4",
      "symbol": "ZRC-USDT",
      "takerOrderId": "67444ab3f4a7c500078834f7",
      "time": "1732528819817000000",
      "tradeId": "5672971154896900",
      "type": "match",
      "time_received": "10:00:19.8650"
    },
    {
      "makerOrderId": "67444ab3088f010007964395",
      "price": "0.11671",
      "sequence": "5672971154896903",
      "side": "buy",
      "size": "435.4",
      "symbol": "ZRC-USDT",
      "takerOrderId": "67444ab3f4a7c500078834f7",
      "time": "1732528819817000000",
      "tradeId": "5672971154896903",
      "type": "match",
      "time_received": "10:00:19.8650"
    },
    {
      "makerOrderId": "67444ab31586c100078ca2dd",
      "price": "0.11749",
      "sequence": "5672971154896906",
      "side": "buy",
      "size": "220.3",
      "symbol": "ZRC-USDT",
      "takerOrderId": "67444ab3f4a7c500078834f7",
