{
  "metadata": {
    "symbol": "BTC",
    "channel": "match",
    "start_time": "14:03:53.2190",
    "release_time": "14:03:56.2190",
    "end_time": "14:04:26.2190",
    "total_messages": 117,
    "final_snapshot": {
      "time": "14:04:26.0100",
      "symbol": "BTC-USDT",
      "price_high": "99595",
      "price_last": "98460.4",
      "price_low": "97017.5",
      "price_avg": "98197.50976723",
      "volValue_USDT": "251631011.045033681"
    }
  },
  "data": [
    {
      "makerOrderId": "6741e0c8df6f6e0007b72f76",
      "price": "98473.2",
      "sequence": "11567938479472641",
      "side": "buy",
      "size": "0.00505991",
      "symbol": "BTC-USDT",
      "takerOrderId": "6741e0cbf1bf400007d7a36d",
      "time": "1732370635036000000",
      "tradeId": "11567938479472641",
      "type": "match",
      "time_received": "14:03:55.0859"
    },
    {
      "makerOrderId": "6741e0c86967d30007471e0e",
      "price": "98473.2",
      "sequence": "11567938479472644",
      "side": "buy",
      "size": "0.00218595",
      "symbol": "BTC-USDT",
      "takerOrderId": "6741e0cbf1bf400007d7a36d",
      "time": "1732370635036000000",
      "tradeId": "11567938479472644",
      "type": "match",
      "time_received": "14:03:55.0860"
    },
    {
      "makerOrderId": "6741e0c8f1bf400007d79337",
      "price": "98473.2",
      "sequence": "11567938479472647",
      "side": "buy",
      "size": "0.00067303",
      "symbol": "BTC-USDT",
      "takerOrderId": "6741e0cbf1bf400007d7a36d",
      "time": "1732370635036000000",
      "tradeId": "11567938479472647",
      "type": "match",
      "time_received": "14:03:55.0862"
    },
    {
      "makerOrderId": "6741e0c8088f010007ebb3ae",
      "price": "98473.2",
      "sequence": "11567938479472650",
      "side": "buy",
      "size": "0.00214862",
      "symbol": "BTC-USDT",
      "takerOrderId": "6741e0cbf1bf400007d7a36d",
      "time": "1732370635036000000",
      "tradeId": "11567938479472650",
      "type": "match",
      "time_received": "14:03:55.0863"
    },
    {
      "makerOrderId": "6741e0c8088f010007ebb3ae",
      "price": "98473.2",
      "sequence": "11567938612379649",
      "side": "buy",
      "size": "0.00009355",
      "symbol": "BTC-USDT",
      "takerOrderId": "6741e0cbd52cb80007416c13",
      "time": "1732370635718000000",
      "tradeId": "11567938612379649",
      "type": "match",
      "time_received": "14:03:55.7691"
    },
    {
      "makerOrderId": "6741e0c8088f010007ebb3ae",
      "price": "98473.2",
      "sequence": "11567938728247297",
      "side": "buy",
      "size": "0.00129375",
      "symbol": "BTC-USDT",
      "takerOrderId": "6741e0cc67cdc900078f2a61",
      "time": "1732370636262000000",
      "tradeId": "11567938728247297",
      "type": "match",
      "time_received": "14:03:56.3122"
    },
    {
      "makerOrderId": "6741e0c8088f010007ebb3ae",
      "price": "98473.2",
      "sequence": "11567938801123329",
      "side": "buy",
      "size": "0.00298481",
      "symbol": "BTC-USDT",
      "takerOrderId": "6741e0ccb7e21a0007a7aa58",
      "time": "1732370636670000000",
      "tradeId": "11567938801123329",
      "type": "match",
      "time_received": "14:03:56.7190"
    },
    {
      "makerOrderId": "6741e0c867cdc900078f12d4",
      "price": "98473.1",
      "sequence": "11567939169828865",
      "side": "sell",
      "size": "0.00023032",
      "symbol": "BTC-USDT",
      "takerOrderId": "6741e0cdc5ba740007cbc43b",
      "time": "1732370637957000000",
      "tradeId": "11567939169828865",
      "type": "match",
      "time_received": "14:03:58.0058"
    },
    {
      "makerOrderId": "6741e0c867cdc900078f12d4",
      "price": "98473.1",
      "sequence": "11567939190407169",
      "side": "sell",
      "size": "0.00010655",
      "symbol": "BTC-USDT",
      "takerOrderId": "6741e0ce0d8553000762d2c6",
      "time": "1732370638005000000",
      "tradeId": "11567939190407169",
      "type": "match",
      "time_received": "14:03:58.0547"
    },
    {
      "makerOrderId": "6741e0c8088f010007ebb3ae",
      "price": "98473.2",
      "sequence": "11567939235758081",
      "side": "buy",
      "size": "0.00020182",
      "symbol": "BTC-USDT",
      "takerOrderId": "6741e0ce37061e000787cfeb",
      "time": "1732370638176000000",
      "tradeId": "11567939235758081",
      "type": "match",
      "time_received": "14:03:58.2237"
    },
    {
      "makerOrderId": "6741e0c8088f010007ebb3ae",
      "price": "98473.2",
      "sequence": "11567939270230017",
      "side": "buy",
      "size": "0.00001165",
      "symbol": "BTC-USDT",
      "takerOrderId": "6741e0ce67cdc900078f3794",
      "time": "1732370638261000000",
      "tradeId": "11567939270230017",
      "type": "match",
      "time_received": "14:03:58.3159"
    },
    {
      "makerOrderId": "6741e0c867cdc900078f12d4",
      "price": "98473.1",
      "sequence": "11567939438657537",
      "side": "sell",
      "size": "0.00204",
      "symbol": "BTC-USDT",
      "takerOrderId": "6741e0cef1bf400007d7bb99",
      "time": "1732370638704000000",
      "tradeId": "11567939438657537",
      "type": "match",
      "time_received": "14:03:58.7493"
    },
    {
      "makerOrderId": "6741e0c8088f010007ebb3ae",
      "price": "98473.2",
      "sequence": "11567939634610177",
      "side": "buy",
      "size": "0.00040449",
      "symbol": "BTC-USDT",
      "takerOrderId": "6741e0cff4f1200007fc6c6d",
      "time": "1732370639597000000",
      "tradeId": "11567939634610177",
      "type": "match",
      "time_received": "14:03:59.6475"
    },
    {
      "makerOrderId": "6741e0c8088f010007ebb3ae",
      "price": "98473.2",
      "sequence": "11567939714170881",
      "side": "buy",
      "size": "0.0003044",
      "symbol": "BTC-USDT",
      "takerOrderId": "6741e0cf67cdc900078f41d6",
      "time": "1732370639901000000",
      "tradeId": "11567939714170881",
      "type": "match",
      "time_received": "14:03:59.9455"
    },
    {
      "makerOrderId": "6741e0c8b7e21a0007a78fae",
      "price": "98473.2",
      "sequence": "11567940101488641",
      "side": "buy",
      "size": "0.00006704",
      "symbol": "BTC-USDT",
      "takerOrderId": "6741e0d0afd7fb0007eef02b",
      "time": "1732370640699000000",
      "tradeId": "11567940101488641",
      "type": "match",
      "time_received": "14:04:00.7514"
    },
    {
      "makerOrderId": "6741e0c867cdc900078f12d4",
      "price": "98473.1",
      "sequence": "11567940179738625",
      "side": "sell",
      "size": "0.00153167",
      "symbol": "BTC-USDT",
      "takerOrderId": "6741e0d0c5ba740007cbdb18",
      "time": "1732370640868000000",
      "tradeId": "11567940179738625",
      "type": "match",
      "time_received": "14:04:00.9154"
    },
    {
      "makerOrderId": "6741e0c867cdc900078f12d4",
      "price": "98473.1",
      "sequence": "11567940193239041",
      "side": "sell",
      "size": "0.00687",
      "symbol": "BTC-USDT",
      "takerOrderId": "6741e0d0b7e21a0007a7ca32",
      "time": "1732370640880000000",
      "tradeId": "11567940193239041",
      "type": "match",
      "time_received": "14:04:00.9300"
    },
    {
      "makerOrderId": "6741e0c8b7e21a0007a78fae",
      "price": "98473.2",
      "sequence": "11567940389584897",
      "side": "buy",
      "size": "0.00002808",
      "symbol": "BTC-USDT",
      "takerOrderId": "6741e0d1cf286a000782b386",
      "time": "1732370641276000000",
      "tradeId": "11567940389584897",
      "type": "match",
      "time_received": "14:04:01.3247"
    },
    {
      "makerOrderId": "6741e0c867cdc900078f12d4",
      "price": "98473.1",
      "sequence": "11567941101568001",
      "side": "sell",
      "size": "0.00091125",
      "symbol": "BTC-USDT",
      "takerOrderId": "6741e0d3c65bf7000777028b",
      "time": "1732370643504000000",
      "tradeId": "11567941101568001",
      "type": "match",
      "time_received": "14:04:03.5544"
    },
    {
      "makerOrderId": "6741e0c867cdc900078f12d4",
      "price": "98473.1",
      "sequence": "11567941202886657",
      "side": "sell",
      "size": "0.00764629",
      "symbol": "BTC-USDT",
      "takerOrderId": "6741e0d3088f010007ec05cc",
      "time": "1732370643884000000",
      "tradeId": "11567941202886657",
      "type": "match",
      "time_received": "14:04:03.9301"
    },
    {
      "makerOrderId": "6741e0c867cdc900078f12d4",
      "price": "98473.1",
      "sequence": "11567941214289921",
      "side": "sell",
      "size": "0.00042261",
      "symbol": "BTC-USDT",
      "takerOrderId": "6741e0d3df6f6e0007b78225",
      "time": "1732370643943000000",
      "tradeId": "11567941214289921",
      "type": "match",
      "time_received": "14:04:03.9893"
    },
    {
      "makerOrderId": "6741e0c8088f010007ebb40e",
      "price": "98473.1",
      "sequence": "11567941571461121",
      "side": "sell",
      "size": "0.00021759",
      "symbol": "BTC-USDT",
      "takerOrderId": "6741e0d468486d0007cd54a3",
      "time": "1732370644994000000",
      "tradeId": "11567941571461121",
      "type": "match",
      "time_received": "14:04:05.0417"
    },
    {
      "makerOrderId": "6741e0c8b7e21a0007a78fae",
      "price": "98473.2",
      "sequence": "11567941674614785",
      "side": "buy",
      "size": "0.00002214",
      "symbol": "BTC-USDT",
      "takerOrderId": "6741e0d537061e00078809bf",
      "time": "1732370645464000000",
      "tradeId": "11567941674614785",
      "type": "match",
      "time_received": "14:04:05.5087"
    },
    {
      "makerOrderId": "6741e0c8088f010007ebb40e",
      "price": "98473.1",
      "sequence": "11567941860212737",
      "side": "sell",
      "size": "0.0001206",
      "symbol": "BTC-USDT",
      "takerOrderId": "6741e0d50d85530007631115",
      "time": "1732370645797000000",
      "tradeId": "11567941860212737",
      "type": "match",
      "time_received": "14:04:05.8463"
    },
    {
      "makerOrderId": "6741e0c8b7e21a0007a78fae",
      "price": "98473.2",
      "sequence": "11567941937807361",
      "side": "buy",
      "size": "0.00055576",
      "symbol": "BTC-USDT",
      "takerOrderId": "6741e0d54fe74600073e6fa5",
      "time": "1732370645950000000",
      "tradeId": "11567941937807361",
      "type": "match",
      "time_received": "14:04:05.9977"
    },
    {
      "makerOrderId": "6741e0c8c65bf7000776b28e",
      "price": "98473.2",
      "sequence": "11567941937807364",
      "side": "buy",
      "size": "0.00686097",
      "symbol": "BTC-USDT",
      "takerOrderId": "6741e0d54fe74600073e6fa5",
      "time": "1732370645950000000",
      "tradeId": "11567941937807364",
      "type": "match",
      "time_received": "14:04:05.9979"
    },
    {
      "makerOrderId": "6741e0c84fe74600073e0d36",
      "price": "98473.2",
      "sequence": "11567941937807367",
      "side": "buy",
      "size": "0.00375843",
      "symbol": "BTC-USDT",
      "takerOrderId": "6741e0d54fe74600073e6fa5",
      "time": "1732370645950000000",
      "tradeId": "11567941937807367",
      "type": "match",
      "time_received": "14:04:05.9980"
    },
    {
      "makerOrderId": "6741e0c84fe74600073e0d36",
      "price": "98473.2",
      "sequence": "11567942197592065",
      "side": "buy",
      "size": "0.00156511",
      "symbol": "BTC-USDT",
      "takerOrderId": "6741e0d631d09500076ef407",
      "time": "1732370646643000000",
      "tradeId": "11567942197592065",
      "type": "match",
      "time_received": "14:04:06.6911"
    },
    {
      "makerOrderId": "6741e0c84fe74600073e0d36",
      "price": "98473.2",
      "sequence": "11567942409273345",
      "side": "buy",
      "size": "0.00841367",
      "symbol": "BTC-USDT",
      "takerOrderId": "6741e0d7ae93cc00070c49ea",
      "time": "1732370647332000000",
      "tradeId": "11567942409273345",
      "type": "match",
      "time_received": "14:04:07.3825"
    },
    {
      "makerOrderId": "6741e0c8088f010007ebb40e",
      "price": "98473.1",
      "sequence": "11567942641926145",
      "side": "sell",
      "size": "0.02222066",
      "symbol": "BTC-USDT",
      "takerOrderId": "6741e0d867cdc900078f8541",
      "time": "1732370648027000000",
      "tradeId": "11567942641926145",
      "type": "match",
      "time_received": "14:04:08.0813"
    },
    {
      "makerOrderId": "6741e0c8cf286a0007827557",
      "price": "98473.1",
      "sequence": "11567942641926148",
      "side": "sell",
      "size": "0.00120317",
      "symbol": "BTC-USDT",
      "takerOrderId": "6741e0d867cdc900078f8541",
      "time": "1732370648027000000",
      "tradeId": "11567942641926148",
      "type": "match",
      "time_received": "14:04:08.0815"
    },
    {
      "makerOrderId": "6741e0caf4f1200007fc4a28",
      "price": "98473.1",
      "sequence": "11567942641926151",
      "side": "sell",
      "size": "0.03397613",
      "symbol": "BTC-USDT",
      "takerOrderId": "6741e0d867cdc900078f8541",
      "time": "1732370648027000000",
      "tradeId": "11567942641926151",
      "type": "match",
      "time_received": "14:04:08.0815"
    },
    {
      "makerOrderId": "6741e0c84fe74600073e0d36",
      "price": "98473.2",
      "sequence": "11567942833422337",
      "side": "buy",
      "size": "0.01039388",
      "symbol": "BTC-USDT",
      "takerOrderId": "6741e0d8d52cb8000741cffa",
      "time": "1732370648775000000",
      "tradeId": "11567942833422337",
      "type": "match",
      "time_received": "14:04:08.8260"
    },
    {
      "makerOrderId": "6741e0caf4f1200007fc4a28",
      "price": "98473.1",
      "sequence": "11567942877200385",
      "side": "sell",
      "size": "0.0000129",
      "symbol": "BTC-USDT",
      "takerOrderId": "6741e0d8f4f1200007fcb857",
      "time": "1732370648839000000",
      "tradeId": "11567942877200385",
      "type": "match",
      "time_received": "14:04:08.8876"
    },
    {
      "makerOrderId": "6741e0c84fe74600073e0d36",
      "price": "98473.2",
      "sequence": "11567942925434881",
      "side": "buy",
      "size": "0.00001488",
      "symbol": "BTC-USDT",
      "takerOrderId": "6741e0d813e9450007fa1678",
      "time": "1732370648952000000",
      "tradeId": "11567942925434881",
      "type": "match",
      "time_received": "14:04:08.9978"
    },
    {
      "makerOrderId": "6741e0caf4f1200007fc4a28",
      "price": "98473.1",
      "sequence": "11567943049428993",
      "side": "sell",
      "size": "0.0005",
      "symbol": "BTC-USDT",
      "takerOrderId": "6741e0d9f1bf400007d81092",
      "time": "1732370649346000000",
      "tradeId": "11567943049428993",
      "type": "match",
      "time_received": "14:04:09.4014"
    },
    {
      "makerOrderId": "6741e0c84fe74600073e0d36",
      "price": "98473.2",
      "sequence": "11567943371866113",
      "side": "buy",
      "size": "0.00671798",
      "symbol": "BTC-USDT",
      "takerOrderId": "6741e0da31d09500076f117d",
      "time": "1732370650404000000",
      "tradeId": "11567943371866113",
      "type": "match",
      "time_received": "14:04:10.4497"
    },
    {
      "makerOrderId": "6741e0c8f4a7c50007ddc4d3",
      "price": "98473.2",
      "sequence": "11567943371866116",
      "side": "buy",
      "size": "0.01979151",
      "symbol": "BTC-USDT",
      "takerOrderId": "6741e0da31d09500076f117d",
      "time": "1732370650404000000",
      "tradeId": "11567943371866116",
      "type": "match",
      "time_received": "14:04:10.4558"
    },
    {
      "makerOrderId": "6741e0c8d52cb8000741571b",
      "price": "98473.2",
      "sequence": "11567943371866119",
      "side": "buy",
      "size": "0.00072796",
      "symbol": "BTC-USDT",
      "takerOrderId": "6741e0da31d09500076f117d",
      "time": "1732370650404000000",
      "tradeId": "11567943371866119",
      "type": "match",
      "time_received": "14:04:10.4559"
    },
    {
      "makerOrderId": "6741e0c8f1bf400007d79480",
      "price": "98473.2",
      "sequence": "11567943371866122",
      "side": "buy",
      "size": "0.00170892",
      "symbol": "BTC-USDT",
      "takerOrderId": "6741e0da31d09500076f117d",
      "time": "1732370650404000000",
      "tradeId": "11567943371866122",
      "type": "match",
      "time_received": "14:04:10.4560"
    },
    {
      "makerOrderId": "6741e0c8f1bf400007d794b2",
      "price": "98473.2",
      "sequence": "11567943371866125",
      "side": "buy",
      "size": "0.08813995",
      "symbol": "BTC-USDT",
      "takerOrderId": "6741e0da31d09500076f117d",
      "time": "1732370650404000000",
      "tradeId": "11567943371866125",
      "type": "match",
      "time_received": "14:04:10.4560"
    },
    {
      "makerOrderId": "6741e0d0088f010007ebe919",
      "price": "98473.2",
      "sequence": "11567943371866128",
      "side": "buy",
      "size": "0.00208683",
      "symbol": "BTC-USDT",
      "takerOrderId": "6741e0da31d09500076f117d",
      "time": "1732370650404000000",
      "tradeId": "11567943371866128",
      "type": "match",
      "time_received": "14:04:10.4566"
    },
    {
      "makerOrderId": "6741e0d2f1bf400007d7d8b4",
      "price": "98473.2",
      "sequence": "11567943371866131",
      "side": "buy",
      "size": "0.177722",
      "symbol": "BTC-USDT",
      "takerOrderId": "6741e0da31d09500076f117d",
      "time": "1732370650404000000",
      "tradeId": "11567943371866131",
      "type": "match",
      "time_received": "14:04:10.4567"
    },
    {
      "makerOrderId": "6741e0d268486d0007cd4295",
      "price": "98473.2",
      "sequence": "11567943371866134",
      "side": "buy",
      "size": "0.0338034",
      "symbol": "BTC-USDT",
      "takerOrderId": "6741e0da31d09500076f117d",
      "time": "1732370650404000000",
      "tradeId": "11567943371866134",
      "type": "match",
      "time_received": "14:04:10.4568"
    },
    {
      "makerOrderId": "6741e0d4f4f1200007fc9765",
      "price": "98473.2",
      "sequence": "11567943371866137",
      "side": "buy",
      "size": "0.2385",
      "symbol": "BTC-USDT",
      "takerOrderId": "6741e0da31d09500076f117d",
      "time": "1732370650404000000",
      "tradeId": "11567943371866137",
      "type": "match",
      "time_received": "14:04:10.4568"
    },
    {
      "makerOrderId": "6741e0d4f4f1200007fc97e9",
      "price": "98473.2",
      "sequence": "11567943371866140",
      "side": "buy",
      "size": "0.14104239",
      "symbol": "BTC-USDT",
      "takerOrderId": "6741e0da31d09500076f117d",
      "time": "1732370650404000000",
      "tradeId": "11567943371866140",
      "type": "match",
      "time_received": "14:04:10.4569"
    },
    {
      "makerOrderId": "6741e0d431d09500076ee445",
      "price": "98473.2",
      "sequence": "11567943371866143",
      "side": "buy",
      "size": "0.12",
      "symbol": "BTC-USDT",
      "takerOrderId": "6741e0da31d09500076f117d",
      "time": "1732370650404000000",
      "tradeId": "11567943371866143",
      "type": "match",
      "time_received": "14:04:10.4570"
    },
    {
      "makerOrderId": "6741e0d468486d0007cd5340",
      "price": "98473.2",
      "sequence": "11567943371866146",
      "side": "buy",
      "size": "0.04635026",
      "symbol": "BTC-USDT",
      "takerOrderId": "6741e0da31d09500076f117d",
      "time": "1732370650404000000",
      "tradeId": "11567943371866146",
      "type": "match",
      "time_received": "14:04:10.4570"
    },
    {
      "makerOrderId": "6741e0d468486d0007cd5340",
      "price": "98473.2",
      "sequence": "11567943577518081",
      "side": "buy",
      "size": "0.00024568",
      "symbol": "BTC-USDT",
      "takerOrderId": "6741e0dbcf286a00078300f4",
      "time": "1732370651214000000",
      "tradeId": "11567943577518081",
      "type": "match",
      "time_received": "14:04:11.2611"
    },
    {
      "makerOrderId": "6741e0d468486d0007cd5340",
      "price": "98473.2",
      "sequence": "11567943619854337",
      "side": "buy",
      "size": "0.00013346",
      "symbol": "BTC-USDT",
      "takerOrderId": "6741e0dbc65bf70007773fed",
      "time": "1732370651361000000",
      "tradeId": "11567943619854337",
      "type": "match",
      "time_received": "14:04:11.4104"
    },
    {
      "makerOrderId": "6741e0d468486d0007cd5340",
      "price": "98473.2",
      "sequence": "11567943876493313",
      "side": "buy",
      "size": "0.00031681",
      "symbol": "BTC-USDT",
      "takerOrderId": "6741e0dcc65bf70007774914",
      "time": "1732370652584000000",
      "tradeId": "11567943876493313",
      "type": "match",
      "time_received": "14:04:12.6346"
    },
    {
      "makerOrderId": "6741e0d468486d0007cd5340",
      "price": "98473.2",
      "sequence": "11567943894319105",
      "side": "buy",
      "size": "0.00030691",
      "symbol": "BTC-USDT",
      "takerOrderId": "6741e0dc67cdc900078fa9ac",
      "time": "1732370652701000000",
      "tradeId": "11567943894319105",
      "type": "match",
      "time_received": "14:04:12.7507"
    },
    {
      "makerOrderId": "6741e0d468486d0007cd5340",
      "price": "98473.2",
      "sequence": "11567943894450177",
      "side": "buy",
      "size": "0.00029701",
      "symbol": "BTC-USDT",
      "takerOrderId": "6741e0dc1586c10007e26f30",
      "time": "1732370652701000000",
      "tradeId": "11567943894450177",
      "type": "match",
      "time_received": "14:04:12.7507"
    },
    {
      "makerOrderId": "6741e0d468486d0007cd5340",
      "price": "98473.2",
      "sequence": "11567943897858049",
      "side": "buy",
      "size": "0.0003168",
      "symbol": "BTC-USDT",
      "takerOrderId": "6741e0dc4fe74600073ea3d9",
      "time": "1732370652737000000",
      "tradeId": "11567943897858049",
      "type": "match",
      "time_received": "14:04:12.7881"
    },
    {
      "makerOrderId": "6741e0d468486d0007cd5340",
      "price": "98473.2",
      "sequence": "11567943909785601",
      "side": "buy",
      "size": "0.0003069",
      "symbol": "BTC-USDT",
      "takerOrderId": "6741e0dc31d09500076f2236",
      "time": "1732370652785000000",
      "tradeId": "11567943909785601",
      "type": "match",
      "time_received": "14:04:12.8347"
    },
    {
      "makerOrderId": "6741e0d468486d0007cd5340",
      "price": "98473.2",
      "sequence": "11567943938752513",
      "side": "buy",
      "size": "0.00030691",
      "symbol": "BTC-USDT",
      "takerOrderId": "6741e0dc67cdc900078fab39",
      "time": "1732370652911000000",
      "tradeId": "11567943938752513",
      "type": "match",
      "time_received": "14:04:12.9621"
    },
    {
      "makerOrderId": "6741e0d468486d0007cd5340",
      "price": "98473.2",
      "sequence": "11567943938883585",
      "side": "buy",
      "size": "0.000297",
      "symbol": "BTC-USDT",
      "takerOrderId": "6741e0dcf1bf400007d82bd9",
      "time": "1732370652911000000",
      "tradeId": "11567943938883585",
      "type": "match",
      "time_received": "14:04:12.9623"
    },
    {
      "makerOrderId": "6741e0d468486d0007cd5340",
      "price": "98473.2",
      "sequence": "11567943943208961",
      "side": "buy",
      "size": "0.0003168",
      "symbol": "BTC-USDT",
      "takerOrderId": "6741e0dc68486d0007cd9234",
      "time": "1732370652940000000",
      "tradeId": "11567943943208961",
      "type": "match",
      "time_received": "14:04:12.9894"
    },
    {
      "makerOrderId": "6741e0d468486d0007cd5340",
      "price": "98473.2",
      "sequence": "11567943949238273",
      "side": "buy",
      "size": "0.00030689",
      "symbol": "BTC-USDT",
      "takerOrderId": "6741e0dcd52cb8000741f08d",
      "time": "1732370652987000000",
      "tradeId": "11567943949238273",
      "type": "match",
      "time_received": "14:04:13.0365"
    },
    {
      "makerOrderId": "6741e0d468486d0007cd5340",
      "price": "98473.2",
      "sequence": "11567943950155777",
      "side": "buy",
      "size": "0.00031681",
      "symbol": "BTC-USDT",
      "takerOrderId": "6741e0dc4fe74600073ea59a",
      "time": "1732370652995000000",
      "tradeId": "11567943950155777",
      "type": "match",
      "time_received": "14:04:13.0429"
    },
    {
      "makerOrderId": "6741e0d468486d0007cd5340",
      "price": "98473.2",
      "sequence": "11567943960510465",
      "side": "buy",
      "size": "0.00030691",
      "symbol": "BTC-USDT",
      "takerOrderId": "6741e0ddb7e21a0007a82978",
      "time": "1732370653065000000",
      "tradeId": "11567943960510465",
      "type": "match",
      "time_received": "14:04:13.1200"
    },
    {
      "makerOrderId": "6741e0d468486d0007cd5340",
      "price": "98473.2",
      "sequence": "11567943967981569",
      "side": "buy",
      "size": "0.000297",
      "symbol": "BTC-USDT",
      "takerOrderId": "6741e0dd4fe74600073ea682",
      "time": "1732370653108000000",
      "tradeId": "11567943967981569",
      "type": "match",
      "time_received": "14:04:13.1565"
    },
    {
      "makerOrderId": "6741e0d468486d0007cd5340",
      "price": "98473.2",
      "sequence": "11567943989608449",
      "side": "buy",
      "size": "0.00030748",
      "symbol": "BTC-USDT",
      "takerOrderId": "6741e0ddf4f1200007fcd9ad",
      "time": "1732370653186000000",
      "tradeId": "11567943989608449",
      "type": "match",
      "time_received": "14:04:13.2340"
    },
    {
      "makerOrderId": "6741e0d468486d0007cd5340",
      "price": "98473.2",
      "sequence": "11567944029454337",
      "side": "buy",
      "size": "0.00001737",
      "symbol": "BTC-USDT",
      "takerOrderId": "6741e0ddf1bf400007d82ecd",
      "time": "1732370653298000000",
      "tradeId": "11567944029454337",
      "type": "match",
      "time_received": "14:04:13.3492"
    },
    {
      "makerOrderId": "6741e0d631d09500076eefeb",
      "price": "98473.2",
      "sequence": "11567944029454340",
      "side": "buy",
      "size": "0.00010151",
      "symbol": "BTC-USDT",
      "takerOrderId": "6741e0ddf1bf400007d82ecd",
      "time": "1732370653298000000",
      "tradeId": "11567944029454340",
      "type": "match",
      "time_received": "14:04:13.3493"
    },
    {
      "makerOrderId": "6741e0d6c5ba740007cc0b1e",
      "price": "98473.2",
      "sequence": "11567944029454343",
      "side": "buy",
      "size": "0.00001315",
      "symbol": "BTC-USDT",
      "takerOrderId": "6741e0ddf1bf400007d82ecd",
      "time": "1732370653298000000",
      "tradeId": "11567944029454343",
      "type": "match",
      "time_received": "14:04:13.3494"
    },
    {
      "makerOrderId": "6741e0d731d09500076efbb2",
      "price": "98473.2",
      "sequence": "11567944029454346",
      "side": "buy",
      "size": "0.00018476",
      "symbol": "BTC-USDT",
      "takerOrderId": "6741e0ddf1bf400007d82ecd",
      "time": "1732370653298000000",
      "tradeId": "11567944029454346",
      "type": "match",
      "time_received": "14:04:13.3494"
    },
    {
      "makerOrderId": "6741e0d731d09500076efbb2",
      "price": "98473.2",
      "sequence": "11567944031682561",
      "side": "buy",
      "size": "0.00029699",
      "symbol": "BTC-USDT",
      "takerOrderId": "6741e0ddc65bf70007774e68",
      "time": "1732370653305000000",
      "tradeId": "11567944031682561",
      "type": "match",
      "time_received": "14:04:13.3563"
    },
    {
      "makerOrderId": "6741e0d731d09500076efbb2",
      "price": "98473.2",
      "sequence": "11567944066023425",
      "side": "buy",
      "size": "0.00029701",
      "symbol": "BTC-USDT",
      "takerOrderId": "6741e0dddf6f6e0007b7cbb0",
      "time": "1732370653449000000",
      "tradeId": "11567944066023425",
      "type": "match",
      "time_received": "14:04:13.4964"
    },
    {
      "makerOrderId": "6741e0d731d09500076efbb2",
      "price": "98473.2",
      "sequence": "11567944111112193",
      "side": "buy",
      "size": "0.000297",
      "symbol": "BTC-USDT",
      "takerOrderId": "6741e0ddd52cb8000741f504",
      "time": "1732370653607000000",
      "tradeId": "11567944111112193",
      "type": "match",
      "time_received": "14:04:13.6548"
    },
    {
      "makerOrderId": "6741e0d8c65bf70007772637",
      "price": "98473.2",
      "sequence": "11567944130117633",
      "side": "buy",
      "size": "0.00029701",
      "symbol": "BTC-USDT",
      "takerOrderId": "6741e0ddcf286a0007831374",
      "time": "1732370653737000000",
      "tradeId": "11567944130117633",
      "type": "match",
      "time_received": "14:04:13.7829"
    },
    {
      "makerOrderId": "6741e0d8c65bf70007772637",
      "price": "98473.2",
      "sequence": "11567944136409089",
      "side": "buy",
      "size": "0.0003168",
      "symbol": "BTC-USDT",
      "takerOrderId": "6741e0ddf4f1200007fcddc8",
      "time": "1732370653766000000",
      "tradeId": "11567944136409089",
      "type": "match",
      "time_received": "14:04:13.8152"
    },
    {
      "makerOrderId": "6741e0caf4f1200007fc4a28",
      "price": "98473.1",
      "sequence": "11567944191983617",
      "side": "sell",
      "size": "0.03113989",
      "symbol": "BTC-USDT",
      "takerOrderId": "6741e0ddcf286a000783152e",
      "time": "1732370653967000000",
      "tradeId": "11567944191983617",
      "type": "match",
      "time_received": "14:04:14.0173"
    },
    {
      "makerOrderId": "6741e0cb0d8553000762bf8e",
      "price": "98473.1",
      "sequence": "11567944191983620",
      "side": "sell",
      "size": "0.11402045",
      "symbol": "BTC-USDT",
      "takerOrderId": "6741e0ddcf286a000783152e",
      "time": "1732370653967000000",
      "tradeId": "11567944191983620",
      "type": "match",
      "time_received": "14:04:14.0173"
    },
    {
      "makerOrderId": "6741e0d1ae93cc00070c1f23",
      "price": "98473.1",
      "sequence": "11567944191983623",
      "side": "sell",
      "size": "0.0010155",
      "symbol": "BTC-USDT",
      "takerOrderId": "6741e0ddcf286a000783152e",
      "time": "1732370653967000000",
      "tradeId": "11567944191983623",
      "type": "match",
      "time_received": "14:04:14.0174"
    },
    {
      "makerOrderId": "6741e0d8f4f1200007fcb253",
      "price": "98473.1",
      "sequence": "11567944191983626",
      "side": "sell",
      "size": "0.01452518",
      "symbol": "BTC-USDT",
      "takerOrderId": "6741e0ddcf286a000783152e",
      "time": "1732370653967000000",
      "tradeId": "11567944191983626",
      "type": "match",
      "time_received": "14:04:14.0174"
    },
    {
      "makerOrderId": "6741e0d91586c10007e2542c",
      "price": "98473.1",
      "sequence": "11567944191983629",
      "side": "sell",
      "size": "0.0202237",
      "symbol": "BTC-USDT",
      "takerOrderId": "6741e0ddcf286a000783152e",
      "time": "1732370653967000000",
      "tradeId": "11567944191983629",
      "type": "match",
      "time_received": "14:04:14.0174"
    },
    {
      "makerOrderId": "6741e0dd31d09500076f2ac3",
      "price": "98468.7",
      "sequence": "11567944236941313",
      "side": "buy",
      "size": "0.00030691",
      "symbol": "BTC-USDT",
      "takerOrderId": "6741e0deae93cc00070c7d61",
      "time": "1732370654153000000",
      "tradeId": "11567944236941313",
      "type": "match",
      "time_received": "14:04:14.2013"
    },
    {
      "makerOrderId": "6741e0dec65bf700077753fa",
      "price": "98468.6",
      "sequence": "11567944393310209",
      "side": "sell",
      "size": "0.00087993",
      "symbol": "BTC-USDT",
      "takerOrderId": "6741e0ded52cb8000741fd01",
      "time": "1732370654665000000",
      "tradeId": "11567944393310209",
      "type": "match",
      "time_received": "14:04:14.7142"
    },
    {
      "makerOrderId": "6741d54af1bf4000079052df",
      "price": "98462.4",
      "sequence": "11567944393310212",
      "side": "sell",
      "size": "0.00123108",
      "symbol": "BTC-USDT",
      "takerOrderId": "6741e0ded52cb8000741fd01",
      "time": "1732370654665000000",
      "tradeId": "11567944393310212",
      "type": "match",
      "time_received": "14:04:14.7143"
    },
    {
      "makerOrderId": "6741e0decf286a0007831a48",
      "price": "98457.4",
      "sequence": "11567944393310215",
      "side": "sell",
      "size": "0.00102586",
      "symbol": "BTC-USDT",
      "takerOrderId": "6741e0ded52cb8000741fd01",
      "time": "1732370654665000000",
      "tradeId": "11567944393310215",
      "type": "match",
      "time_received": "14:04:14.7143"
    },
    {
      "makerOrderId": "6741e0ded52cb8000741fd01",
      "price": "98456.7",
      "sequence": "11567944956526593",
      "side": "buy",
      "size": "0.00003407",
      "symbol": "BTC-USDT",
      "takerOrderId": "6741e0e0cf286a0007832966",
      "time": "1732370656945000000",
      "tradeId": "11567944956526593",
      "type": "match",
      "time_received": "14:04:16.9955"
    },
    {
      "makerOrderId": "6741e0ded52cb8000741fd01",
      "price": "98456.7",
      "sequence": "11567945179086849",
      "side": "buy",
      "size": "0.0000102",
      "symbol": "BTC-USDT",
      "takerOrderId": "6741e0e1d52cb8000742119d",
      "time": "1732370657900000000",
      "tradeId": "11567945179086849",
      "type": "match",
      "time_received": "14:04:17.9499"
    },
    {
      "makerOrderId": "6741e0ded52cb8000741fd01",
      "price": "98456.7",
      "sequence": "11567945500475393",
      "side": "buy",
      "size": "0.0003168",
      "symbol": "BTC-USDT",
      "takerOrderId": "6741e0e3088f010007ec75d0",
      "time": "1732370659322000000",
      "tradeId": "11567945500475393",
      "type": "match",
      "time_received": "14:04:19.3739"
    },
    {
      "makerOrderId": "6741e0ded52cb8000741fd01",
      "price": "98456.7",
      "sequence": "11567945716875265",
      "side": "buy",
      "size": "0.00020259",
      "symbol": "BTC-USDT",
      "takerOrderId": "6741e0e41586c10007e2a030",
      "time": "1732370660107000000",
      "tradeId": "11567945716875265",
      "type": "match",
      "time_received": "14:04:20.1600"
    },
    {
      "makerOrderId": "6741e0ded52cb8000741fd01",
      "price": "98456.7",
      "sequence": "11567945812295681",
      "side": "buy",
      "size": "0.03050518",
      "symbol": "BTC-USDT",
      "takerOrderId": "6741e0e4f15b270007e4c897",
      "time": "1732370660520000000",
      "tradeId": "11567945812295681",
      "type": "match",
      "time_received": "14:04:20.5694"
    },
    {
      "makerOrderId": "6741e0def1bf400007d8394c",
      "price": "98456.6",
      "sequence": "11567945877700609",
      "side": "sell",
      "size": "0.0000232",
      "symbol": "BTC-USDT",
      "takerOrderId": "6741e0e4f15b270007e4cb2a",
      "time": "1732370660935000000",
      "tradeId": "11567945877700609",
      "type": "match",
      "time_received": "14:04:20.9850"
    },
    {
      "makerOrderId": "6741e0ded52cb8000741fd01",
      "price": "98456.7",
      "sequence": "11567946046390273",
      "side": "buy",
      "size": "0.00025571",
      "symbol": "BTC-USDT",
      "takerOrderId": "6741e0e54fe74600073ede68",
      "time": "1732370661693000000",
      "tradeId": "11567946046390273",
      "type": "match",
      "time_received": "14:04:21.7413"
    },
    {
      "makerOrderId": "6741e0def1bf400007d83996",
      "price": "98456.6",
      "sequence": "11567946118217729",
      "side": "sell",
      "size": "0.02029015",
      "symbol": "BTC-USDT",
      "takerOrderId": "6741e0e5b7e21a0007a86452",
      "time": "1732370661958000000",
      "tradeId": "11567946118217729",
      "type": "match",
      "time_received": "14:04:22.0101"
    },
    {
      "makerOrderId": "6741e0de68486d0007cd9fdd",
      "price": "98456.6",
      "sequence": "11567946118217732",
      "side": "sell",
      "size": "0.00070979",
      "symbol": "BTC-USDT",
      "takerOrderId": "6741e0e5b7e21a0007a86452",
      "time": "1732370661958000000",
      "tradeId": "11567946118217732",
      "type": "match",
      "time_received": "14:04:22.0102"
    },
    {
      "makerOrderId": "6741e0e0d52cb8000742099a",
      "price": "98456.6",
      "sequence": "11567946118217735",
      "side": "sell",
      "size": "0.03086395",
      "symbol": "BTC-USDT",
      "takerOrderId": "6741e0e5b7e21a0007a86452",
      "time": "1732370661958000000",
      "tradeId": "11567946118217735",
      "type": "match",
      "time_received": "14:04:22.0102"
    },
    {
      "makerOrderId": "6741e0e0f4f1200007fcf119",
      "price": "98456.6",
      "sequence": "11567946118217738",
      "side": "sell",
      "size": "0.00218593",
      "symbol": "BTC-USDT",
      "takerOrderId": "6741e0e5b7e21a0007a86452",
      "time": "1732370661958000000",
      "tradeId": "11567946118217738",
      "type": "match",
      "time_received": "14:04:22.0104"
    },
    {
      "makerOrderId": "6741e0e067cdc900078fc5b0",
      "price": "98456.6",
      "sequence": "11567946118217741",
      "side": "sell",
      "size": "0.00337679",
      "symbol": "BTC-USDT",
      "takerOrderId": "6741e0e5b7e21a0007a86452",
      "time": "1732370661958000000",
      "tradeId": "11567946118217741",
      "type": "match",
      "time_received": "14:04:22.0105"
    },
    {
      "makerOrderId": "6741e0de67cdc900078fb894",
      "price": "98456.7",
      "sequence": "11567946554556417",
      "side": "buy",
      "size": "0.00069493",
      "symbol": "BTC-USDT",
      "takerOrderId": "6741e0e7f1bf400007d873a8",
      "time": "1732370663286000000",
      "tradeId": "11567946554556417",
      "type": "match",
      "time_received": "14:04:23.3329"
    },
    {
      "makerOrderId": "6741e0de088f010007ec5add",
      "price": "98456.7",
      "sequence": "11567946554556420",
      "side": "buy",
      "size": "0.00000707",
      "symbol": "BTC-USDT",
      "takerOrderId": "6741e0e7f1bf400007d873a8",
      "time": "1732370663286000000",
      "tradeId": "11567946554556420",
      "type": "match",
      "time_received": "14:04:23.3331"
    },
    {
      "makerOrderId": "6741e0e567cdc900078fe73e",
      "price": "98456.6",
      "sequence": "11567946595188737",
      "side": "sell",
      "size": "0.00055251",
      "symbol": "BTC-USDT",
      "takerOrderId": "6741e0e7f1bf400007d8751a",
      "time": "1732370663408000000",
      "tradeId": "11567946595188737",
      "type": "match",
      "time_received": "14:04:23.4575"
    },
    {
      "makerOrderId": "6741e0de088f010007ec5add",
      "price": "98456.7",
      "sequence": "11567946976739329",
      "side": "buy",
      "size": "0.000233",
      "symbol": "BTC-USDT",
      "takerOrderId": "6741e0e8df6f6e0007b81df7",
      "time": "1732370664615000000",
      "tradeId": "11567946976739329",
      "type": "match",
      "time_received": "14:04:24.6606"
    },
    {
      "makerOrderId": "6741e0de088f010007ec5add",
      "price": "98456.7",
      "sequence": "11567947025760257",
      "side": "buy",
      "size": "0.04323212",
      "symbol": "BTC-USDT",
      "takerOrderId": "6741e0e831d09500076f78a1",
      "time": "1732370664735000000",
      "tradeId": "11567947025760257",
      "type": "match",
      "time_received": "14:04:24.7884"
    },
    {
      "makerOrderId": "6741e0de088f010007ec5add",
      "price": "98456.7",
      "sequence": "11567947026153473",
      "side": "buy",
      "size": "0.00227187",
      "symbol": "BTC-USDT",
      "takerOrderId": "6741e0e8cf286a000783638d",
      "time": "1732370664736000000",
      "tradeId": "11567947026153473",
      "type": "match",
      "time_received": "14:04:24.7884"
    },
    {
      "makerOrderId": "6741e0de088f010007ec5add",
      "price": "98456.7",
      "sequence": "11567947028905985",
      "side": "buy",
      "size": "0.00305301",
      "symbol": "BTC-USDT",
      "takerOrderId": "6741e0e8f4a7c50007deb279",
      "time": "1732370664738000000",
      "tradeId": "11567947028905985",
      "type": "match",
      "time_received": "14:04:24.7952"
    },
    {
      "makerOrderId": "6741e0dff4f1200007fce782",
      "price": "98456.7",
      "sequence": "11567947036770305",
      "side": "buy",
      "size": "0.00010129",
      "symbol": "BTC-USDT",
      "takerOrderId": "6741e0e8f4f1200007fd2dbb",
      "time": "1732370664742000000",
      "tradeId": "11567947036770305",
      "type": "match",
      "time_received": "14:04:24.7954"
    },
    {
      "makerOrderId": "6741e0e067cdc900078fc611",
      "price": "98456.7",
      "sequence": "11567947036770308",
      "side": "buy",
      "size": "0.0039557",
      "symbol": "BTC-USDT",
      "takerOrderId": "6741e0e8f4f1200007fd2dbb",
      "time": "1732370664742000000",
      "tradeId": "11567947036770308",
      "type": "match",
      "time_received": "14:04:24.7955"
    },
    {
      "makerOrderId": "6741e0e067cdc900078fc611",
      "price": "98456.7",
      "sequence": "11567947058921473",
      "side": "buy",
      "size": "0.01860315",
      "symbol": "BTC-USDT",
      "takerOrderId": "6741e0e831d09500076f78f7",
      "time": "1732370664756000000",
      "tradeId": "11567947058921473",
      "type": "match",
      "time_received": "14:04:24.8084"
    },
    {
      "makerOrderId": "6741e0e61586c10007e2af49",
      "price": "98456.7",
      "sequence": "11567947058921476",
      "side": "buy",
      "size": "0.00142505",
      "symbol": "BTC-USDT",
      "takerOrderId": "6741e0e831d09500076f78f7",
      "time": "1732370664756000000",
      "tradeId": "11567947058921476",
      "type": "match",
      "time_received": "14:04:24.8086"
    },
    {
      "makerOrderId": "6741e0e80d85530007639e71",
      "price": "98456.7",
      "sequence": "11567947058921479",
      "side": "buy",
      "size": "0.00201048",
      "symbol": "BTC-USDT",
      "takerOrderId": "6741e0e831d09500076f78f7",
      "time": "1732370664756000000",
      "tradeId": "11567947058921479",
      "type": "match",
      "time_received": "14:04:24.8087"
    },
    {
      "makerOrderId": "6741e0dfc65bf70007776056",
      "price": "98457.5",
      "sequence": "11567947147526145",
      "side": "buy",
      "size": "0.00001867",
      "symbol": "BTC-USDT",
      "takerOrderId": "6741e0e84fe74600073efc1c",
      "time": "1732370664865000000",
      "tradeId": "11567947147526145",
      "type": "match",
      "time_received": "14:04:24.9135"
    },
    {
      "makerOrderId": "6741e0dfc65bf70007776056",
      "price": "98457.5",
      "sequence": "11567947337187329",
      "side": "buy",
      "size": "0.00020791",
      "symbol": "BTC-USDT",
      "takerOrderId": "6741e0e9c5ba740007cc9526",
      "time": "1732370665481000000",
      "tradeId": "11567947337187329",
      "type": "match",
      "time_received": "14:04:25.5292"
    },
    {
      "makerOrderId": "6741e0e868486d0007cde7df",
      "price": "98457.5",
      "sequence": "11567947337187332",
      "side": "buy",
      "size": "0.00535373",
      "symbol": "BTC-USDT",
      "takerOrderId": "6741e0e9c5ba740007cc9526",
      "time": "1732370665481000000",
      "tradeId": "11567947337187332",
      "type": "match",
      "time_received": "14:04:25.5294"
    },
    {
      "makerOrderId": "6741e0e8088f010007eca2fe",
      "price": "98457.5",
      "sequence": "11567947337187335",
      "side": "buy",
      "size": "0.00202109",
      "symbol": "BTC-USDT",
      "takerOrderId": "6741e0e9c5ba740007cc9526",
      "time": "1732370665481000000",
      "tradeId": "11567947337187335",
      "type": "match",
      "time_received": "14:04:25.5295"
    },
    {
      "makerOrderId": "6741e0e9f1bf400007d88371",
      "price": "98457.5",
      "sequence": "11567947337187338",
      "side": "buy",
      "size": "0.00337679",
      "symbol": "BTC-USDT",
      "takerOrderId": "6741e0e9c5ba740007cc9526",
      "time": "1732370665481000000",
      "tradeId": "11567947337187338",
      "type": "match",
      "time_received": "14:04:25.5298"
    },
    {
      "makerOrderId": "6741e0e9cf286a0007836924",
      "price": "98457.5",
      "sequence": "11567947337187341",
      "side": "buy",
      "size": "0.00102586",
      "symbol": "BTC-USDT",
      "takerOrderId": "6741e0e9c5ba740007cc9526",
      "time": "1732370665481000000",
      "tradeId": "11567947337187341",
      "type": "match",
      "time_received": "14:04:25.5299"
    },
    {
      "makerOrderId": "6741e0e937061e0007889e3b",
      "price": "98457.5",
      "sequence": "11567947337187344",
      "side": "buy",
      "size": "0.00072796",
      "symbol": "BTC-USDT",
      "takerOrderId": "6741e0e9c5ba740007cc9526",
      "time": "1732370665481000000",
      "tradeId": "11567947337187344",
      "type": "match",
      "time_received": "14:04:25.5300"
    },
    {
      "makerOrderId": "6741e0e868486d0007cde9c0",
      "price": "98458.1",
      "sequence": "11567947337187347",
      "side": "buy",
      "size": "0.00102586",
      "symbol": "BTC-USDT",
      "takerOrderId": "6741e0e9c5ba740007cc9526",
      "time": "1732370665481000000",
      "tradeId": "11567947337187347",
      "type": "match",
      "time_received": "14:04:25.5300"
    },
    {
      "makerOrderId": "6741e0e0ae93cc00070c9016",
      "price": "98458.3",
      "sequence": "11567947337187350",
      "side": "buy",
      "size": "0.00022826",
      "symbol": "BTC-USDT",
      "takerOrderId": "6741e0e9c5ba740007cc9526",
      "time": "1732370665481000000",
      "tradeId": "11567947337187350",
      "type": "match",
      "time_received": "14:04:25.5301"
    },
    {
      "makerOrderId": "6741e0df31d09500076f37e5",
      "price": "98459.2",
      "sequence": "11567947337187353",
      "side": "buy",
      "size": "0.00022198",
      "symbol": "BTC-USDT",
      "takerOrderId": "6741e0e9c5ba740007cc9526",
      "time": "1732370665481000000",
      "tradeId": "11567947337187353",
      "type": "match",
      "time_received": "14:04:25.5301"
    },
    {
      "makerOrderId": "6741e0dff4a7c50007de71fd",
      "price": "98460.1",
      "sequence": "11567947337187356",
      "side": "buy",
      "size": "0.00022792",
      "symbol": "BTC-USDT",
      "takerOrderId": "6741e0e9c5ba740007cc9526",
      "time": "1732370665481000000",
      "tradeId": "11567947337187356",
      "type": "match",
      "time_received": "14:04:25.5306"
    },
    {
      "makerOrderId": "6741e0dfc5ba740007cc4f01",
      "price": "98460.4",
      "sequence": "11567947337187359",
      "side": "buy",
      "size": "0.00022829",
      "symbol": "BTC-USDT",
      "takerOrderId": "6741e0e9c5ba740007cc9526",
      "time": "1732370665481000000",
      "tradeId": "11567947337187359",
      "type": "match",
      "time_received": "14:04:25.5309"
    }
  ]
}