{
  "metadata": {
    "symbol": "SUPRA",
    "channel": "match",
    "start_time": "12:59:30.0000",
    "release_time": "13:00:00.0000",
    "end_time": "13:20:00.0000",
    "total_messages": 8981,
    "final_snapshot": {
      "time": "13:19:58.6800",
      "symbol": "SUPRA-USDT",
      "price_high": "0.03",
      "price_last": "0.008598",
      "price_low": "0.001",
      "price_avg": null,
      "volValue_USDT": "1053599.200203"
    }
  },
  "data": [
    {
      "price": "0.001",
      "sequence": "5742489439975425",
      "side": "sell",
      "size": "100",
      "symbol": "SUPRA-USDT",
      "time": "1732712400000000000",
      "tradeId": "5742489439975425",
      "type": "match",
      "time_received": "13:00:00.0714"
    },
    {
      "makerOrderId": "674716d8f61fa0000739e5e0",
      "price": "0.01",
      "sequence": "5742489439975426",
      "side": "buy",
      "size": "100",
      "symbol": "SUPRA-USDT",
      "takerOrderId": "674717d0ba86a000074e3cf5",
      "time": "1732712400010000000",
      "tradeId": "5742489439975426",
      "type": "match",
      "time_received": "13:00:00.0715"
    },
    {
      "makerOrderId": "674716db1adbea000780642d",
      "price": "0.02",
      "sequence": "5742489584023553",
      "side": "buy",
      "size": "100",
      "symbol": "SUPRA-USDT",
      "takerOrderId": "674717d0439c100007b3ddeb",
      "time": "1732712400232000000",
      "tradeId": "5742489584023553",
      "type": "match",
      "time_received": "13:00:00.2819"
    },
    {
      "makerOrderId": "674716ddf61fa000073a027e",
      "price": "0.03",
      "sequence": "5742491880798209",
      "side": "buy",
      "size": "100",
      "symbol": "SUPRA-USDT",
      "takerOrderId": "674717d5b26bfb0007b254da",
      "time": "1732712405514000000",
      "tradeId": "5742491880798209",
      "type": "match",
      "time_received": "13:00:05.6758"
    },
    {
      "makerOrderId": "674717d5b26bfb0007b254da",
      "price": "0.03",
      "sequence": "5742492203235329",
      "side": "sell",
      "size": "219",
      "symbol": "SUPRA-USDT",
      "takerOrderId": "674717d65e5d4c0007f9b4fe",
      "time": "1732712406231000000",
      "tradeId": "5742492203235329",
      "type": "match",
      "time_received": "13:00:06.2719"
    },
    {
      "makerOrderId": "674717d52033a500074f09fc",
      "price": "0.02513",
      "sequence": "5742492203497473",
      "side": "sell",
      "size": "820",
      "symbol": "SUPRA-USDT",
      "takerOrderId": "674717d6b26bfb0007b25a79",
      "time": "1732712406231000000",
      "tradeId": "5742492203497473",
      "type": "match",
      "time_received": "13:00:06.2796"
    },
    {
      "makerOrderId": "674717d25a55500007e481ce",
      "price": "0.025002",
      "sequence": "5742492203497476",
      "side": "sell",
      "size": "306",
      "symbol": "SUPRA-USDT",
      "takerOrderId": "674717d6b26bfb0007b25a79",
      "time": "1732712406231000000",
      "tradeId": "5742492203497476",
      "type": "match",
      "time_received": "13:00:06.2796"
    },
    {
      "makerOrderId": "674717d0a69a4c00072cf30e",
      "price": "0.025",
      "sequence": "5742492203497479",
      "side": "sell",
      "size": "5000",
      "symbol": "SUPRA-USDT",
      "takerOrderId": "674717d6b26bfb0007b25a79",
      "time": "1732712406231000000",
      "tradeId": "5742492203497479",
      "type": "match",
      "time_received": "13:00:06.2796"
    },
    {
      "makerOrderId": "674717d69e4e4000079b4f7b",
      "price": "0.024454",
      "sequence": "5742492203497482",
      "side": "sell",
      "size": "1429",
      "symbol": "SUPRA-USDT",
      "takerOrderId": "674717d6b26bfb0007b25a79",
      "time": "1732712406231000000",
      "tradeId": "5742492203497482",
      "type": "match",
      "time_received": "13:00:06.2802"
    },
    {
      "makerOrderId": "674717d6ef434f00076aeeb3",
      "price": "0.024454",
      "sequence": "5742492203497485",
      "side": "sell",
      "size": "1429",
      "symbol": "SUPRA-USDT",
      "takerOrderId": "674717d6b26bfb0007b25a79",
      "time": "1732712406231000000",
      "tradeId": "5742492203497485",
      "type": "match",
      "time_received": "13:00:06.2803"
    },
    {
      "makerOrderId": "674717d6b38d1200075150cb",
      "price": "0.024454",
      "sequence": "5742492203497488",
      "side": "sell",
      "size": "1429",
      "symbol": "SUPRA-USDT",
      "takerOrderId": "674717d6b26bfb0007b25a79",
      "time": "1732712406231000000",
      "tradeId": "5742492203497488",
      "type": "match",
      "time_received": "13:00:06.2803"
    },
    {
      "makerOrderId": "674717d014a89200075de395",
      "price": "0.022",
      "sequence": "5742492203628545",
      "side": "sell",
      "size": "200",
      "symbol": "SUPRA-USDT",
      "takerOrderId": "674717d614a89200075e18d6",
      "time": "1732712406231000000",
      "tradeId": "5742492203628545",
      "type": "match",
      "time_received": "13:00:06.2803"
    },
    {
      "makerOrderId": "674717d6a69a4c00072d2570",
      "price": "0.0204",
      "sequence": "5742492203628548",
      "side": "sell",
      "size": "24509",
      "symbol": "SUPRA-USDT",
      "takerOrderId": "674717d614a89200075e18d6",
      "time": "1732712406231000000",
      "tradeId": "5742492203628548",
      "type": "match",
      "time_received": "13:00:06.2804"
    },
    {
      "makerOrderId": "674717d6812d400007c0dfac",
      "price": "0.0203",
      "sequence": "5742492203628551",
      "side": "sell",
      "size": "24630",
      "symbol": "SUPRA-USDT",
      "takerOrderId": "674717d614a89200075e18d6",
      "time": "1732712406231000000",
      "tradeId": "5742492203628551",
      "type": "match",
      "time_received": "13:00:06.2804"
    },
    {
      "makerOrderId": "674717d59e4e4000079b45d2",
      "price": "0.02005",
      "sequence": "5742492203628554",
      "side": "sell",
      "size": "24937",
      "symbol": "SUPRA-USDT",
      "takerOrderId": "674717d614a89200075e18d6",
      "time": "1732712406231000000",
      "tradeId": "5742492203628554",
      "type": "match",
      "time_received": "13:00:06.3404"
    },
    {
      "makerOrderId": "674717d0439c100007b3ddeb",
      "price": "0.02",
      "sequence": "5742492203628557",
      "side": "sell",
      "size": "49900",
      "symbol": "SUPRA-USDT",
      "takerOrderId": "674717d614a89200075e18d6",
      "time": "1732712406231000000",
      "tradeId": "5742492203628557",
      "type": "match",
      "time_received": "13:00:06.3480"
    },
    {
      "makerOrderId": "674717d0812d400007c0aa9f",
      "price": "0.02",
      "sequence": "5742492203628560",
      "side": "sell",
      "size": "950",
      "symbol": "SUPRA-USDT",
      "takerOrderId": "674717d614a89200075e18d6",
      "time": "1732712406231000000",
      "tradeId": "5742492203628560",
      "type": "match",
      "time_received": "13:00:06.3482"
    },
    {
      "makerOrderId": "674717d014a89200075de4be",
      "price": "0.02",
      "sequence": "5742492203628563",
      "side": "sell",
      "size": "500",
      "symbol": "SUPRA-USDT",
      "takerOrderId": "674717d614a89200075e18d6",
      "time": "1732712406231000000",
      "tradeId": "5742492203628563",
      "type": "match",
      "time_received": "13:00:06.3482"
    },
    {
      "makerOrderId": "674717d08b053b0007c01888",
      "price": "0.02",
      "sequence": "5742492203628566",
      "side": "sell",
      "size": "1000",
      "symbol": "SUPRA-USDT",
      "takerOrderId": "674717d614a89200075e18d6",
      "time": "1732712406231000000",
      "tradeId": "5742492203628566",
      "type": "match",
      "time_received": "13:00:06.3483"
    },
    {
      "makerOrderId": "674717d62033a500074f0de1",
      "price": "0.02",
      "sequence": "5742492203628569",
      "side": "sell",
      "size": "155",
      "symbol": "SUPRA-USDT",
      "takerOrderId": "674717d614a89200075e18d6",
      "time": "1732712406231000000",
      "tradeId": "5742492203628569",
      "type": "match",
      "time_received": "13:00:06.3484"
    },
    {
      "makerOrderId": "674717d0725fc60007dd7aa1",
      "price": "0.018",
      "sequence": "5742492204546049",
      "side": "sell",
      "size": "25000",
      "symbol": "SUPRA-USDT",
      "takerOrderId": "674717d6f61fa000074007f0",
      "time": "1732712406233000000",
      "tradeId": "5742492204546049",
      "type": "match",
      "time_received": "13:00:06.3484"
    },
    {
      "makerOrderId": "674717d05a55500007e46830",
      "price": "0.0152",
      "sequence": "5742492204677121",
      "side": "sell",
      "size": "4000",
      "symbol": "SUPRA-USDT",
      "takerOrderId": "674717d62033a500074f0eee",
      "time": "1732712406233000000",
      "tradeId": "5742492204677121",
      "type": "match",
      "time_received": "13:00:06.3485"
    },
    {
      "makerOrderId": "674717d01adbea000786404c",
      "price": "0.015",
      "sequence": "5742492204677124",
      "side": "sell",
      "size": "666",
      "symbol": "SUPRA-USDT",
      "takerOrderId": "674717d62033a500074f0eee",
      "time": "1732712406233000000",
      "tradeId": "5742492204677124",
      "type": "match",
      "time_received": "13:00:06.3486"
    },
    {
      "makerOrderId": "674717d0439c100007b3e122",
      "price": "0.015",
      "sequence": "5742492204677127",
      "side": "sell",
      "size": "666",
      "symbol": "SUPRA-USDT",
      "takerOrderId": "674717d62033a500074f0eee",
      "time": "1732712406233000000",
      "tradeId": "5742492204677127",
      "type": "match",
      "time_received": "13:00:06.3486"
    },
    {
      "makerOrderId": "674717d0725fc60007dd7504",
      "price": "0.013",
      "sequence": "5742492207429633",
      "side": "sell",
      "size": "76900",
      "symbol": "SUPRA-USDT",
      "takerOrderId": "674717d6f61fa00007400803",
      "time": "1732712406241000000",
      "tradeId": "5742492207429633",
      "type": "match",
      "time_received": "13:00:06.3487"
    },
    {
      "makerOrderId": "674717d0812d400007c0aa38",
      "price": "0.011",
      "sequence": "5742492207691777",
      "side": "sell",
      "size": "200",
      "symbol": "SUPRA-USDT",
      "takerOrderId": "674717d6725fc60007dda98b",
      "time": "1732712406241000000",
      "tradeId": "5742492207691777",
      "type": "match",
      "time_received": "13:00:06.3487"
    },
    {
      "makerOrderId": "674717d0725fc60007dd7494",
      "price": "0.011",
      "sequence": "5742492207691780",
      "side": "sell",
      "size": "100",
      "symbol": "SUPRA-USDT",
      "takerOrderId": "674717d6725fc60007dda98b",
      "time": "1732712406241000000",
      "tradeId": "5742492207691780",
      "type": "match",
      "time_received": "13:00:06.3487"
    },
    {
      "makerOrderId": "674717d033b8f30007379eb8",
      "price": "0.0106",
      "sequence": "5742492207691783",
      "side": "sell",
      "size": "110",
      "symbol": "SUPRA-USDT",
      "takerOrderId": "674717d6725fc60007dda98b",
      "time": "1732712406241000000",
      "tradeId": "5742492207691783",
      "type": "match",
      "time_received": "13:00:06.3488"
    },
    {
      "makerOrderId": "674717d09e4e4000079b1891",
      "price": "0.01",
      "sequence": "5742492207691786",
      "side": "sell",
      "size": "200",
      "symbol": "SUPRA-USDT",
      "takerOrderId": "674717d6725fc60007dda98b",
      "time": "1732712406241000000",
      "tradeId": "5742492207691786",
      "type": "match",
      "time_received": "13:00:06.3488"
    },
    {
      "makerOrderId": "674717d02033a500074ed8ac",
      "price": "0.01",
      "sequence": "5742492207691789",
      "side": "sell",
      "size": "50000",
      "symbol": "SUPRA-USDT",
      "takerOrderId": "674717d6725fc60007dda98b",
      "time": "1732712406241000000",
      "tradeId": "5742492207691789",
      "type": "match",
      "time_received": "13:00:06.3489"
    },
    {
      "makerOrderId": "674717d0754b1e00078dcaa6",
      "price": "0.01",
      "sequence": "5742492207691792",
      "side": "sell",
      "size": "10000",
      "symbol": "SUPRA-USDT",
      "takerOrderId": "674717d6725fc60007dda98b",
      "time": "1732712406241000000",
      "tradeId": "5742492207691792",
      "type": "match",
      "time_received": "13:00:06.3489"
    },
    {
      "makerOrderId": "674717d09e4e4000079b199f",
      "price": "0.01",
      "sequence": "5742492207691795",
      "side": "sell",
      "size": "1000",
      "symbol": "SUPRA-USDT",
      "takerOrderId": "674717d6725fc60007dda98b",
      "time": "1732712406241000000",
      "tradeId": "5742492207691795",
      "type": "match",
      "time_received": "13:00:06.3489"
    },
    {
      "makerOrderId": "674717d0ef434f00076ab9d5",
      "price": "0.01",
      "sequence": "5742492207691798",
      "side": "sell",
      "size": "900",
      "symbol": "SUPRA-USDT",
      "takerOrderId": "674717d6725fc60007dda98b",
      "time": "1732712406241000000",
      "tradeId": "5742492207691798",
      "type": "match",
      "time_received": "13:00:06.3490"
    },
    {
      "makerOrderId": "674717d0ef434f00076aba32",
      "price": "0.01",
      "sequence": "5742492207691801",
      "side": "sell",
      "size": "3000",
      "symbol": "SUPRA-USDT",
      "takerOrderId": "674717d6725fc60007dda98b",
      "time": "1732712406241000000",
      "tradeId": "5742492207691801",
      "type": "match",
      "time_received": "13:00:06.3490"
    },
    {
      "makerOrderId": "674717d0ef434f00076aba31",
      "price": "0.01",
      "sequence": "5742492207691804",
      "side": "sell",
      "size": "600",
      "symbol": "SUPRA-USDT",
      "takerOrderId": "674717d6725fc60007dda98b",
      "time": "1732712406241000000",
      "tradeId": "5742492207691804",
      "type": "match",
      "time_received": "13:00:06.3490"
    },
    {
      "makerOrderId": "674717d0812d400007c0acdf",
      "price": "0.01",
      "sequence": "5742492207691807",
      "side": "sell",
      "size": "46438",
      "symbol": "SUPRA-USDT",
      "takerOrderId": "674717d6725fc60007dda98b",
      "time": "1732712406241000000",
      "tradeId": "5742492207691807",
      "type": "match",
      "time_received": "13:00:06.3491"
    },
    {
      "makerOrderId": "674717d0812d400007c0acdf",
      "price": "0.01",
      "sequence": "5742492209002497",
      "side": "sell",
      "size": "53562",
      "symbol": "SUPRA-USDT",
      "takerOrderId": "674717d6dcdd7b0007ed842b",
      "time": "1732712406243000000",
      "tradeId": "5742492209002497",
      "type": "match",
      "time_received": "13:00:06.3491"
    },
    {
      "makerOrderId": "674717d02033a500074edc20",
      "price": "0.01",
      "sequence": "5742492209002500",
      "side": "sell",
      "size": "1000",
      "symbol": "SUPRA-USDT",
      "takerOrderId": "674717d6dcdd7b0007ed842b",
      "time": "1732712406243000000",
      "tradeId": "5742492209002500",
      "type": "match",
      "time_received": "13:00:06.3491"
    },
    {
      "makerOrderId": "674717d0ef434f00076abd02",
      "price": "0.01",
      "sequence": "5742492209002503",
      "side": "sell",
      "size": "1000",
      "symbol": "SUPRA-USDT",
      "takerOrderId": "674717d6dcdd7b0007ed842b",
      "time": "1732712406243000000",
      "tradeId": "5742492209002503",
      "type": "match",
      "time_received": "13:00:06.3492"
    },
    {
      "makerOrderId": "674717d0e21c740007682459",
      "price": "0.01",
      "sequence": "5742492209002506",
      "side": "sell",
      "size": "10000",
      "symbol": "SUPRA-USDT",
      "takerOrderId": "674717d6dcdd7b0007ed842b",
      "time": "1732712406243000000",
      "tradeId": "5742492209002506",
      "type": "match",
      "time_received": "13:00:06.3492"
    },
    {
      "makerOrderId": "674717d3ef434f00076ad8b5",
      "price": "0.01",
      "sequence": "5742492209002509",
      "side": "sell",
      "size": "3000",
      "symbol": "SUPRA-USDT",
      "takerOrderId": "674717d6dcdd7b0007ed842b",
      "time": "1732712406243000000",
      "tradeId": "5742492209002509",
      "type": "match",
      "time_received": "13:00:06.3493"
    },
    {
      "makerOrderId": "674717d65e5d4c0007f9b601",
      "price": "0.024326",
      "sequence": "5742492838017025",
      "side": "buy",
      "size": "210",
      "symbol": "SUPRA-USDT",
      "takerOrderId": "674717d79e4e4000079b5ce2",
      "time": "1732712407846000000",
      "tradeId": "5742492838017025",
      "type": "match",
      "time_received": "13:00:07.8904"
    },
    {
      "makerOrderId": "674717d7439c100007b421c2",
      "price": "0.0224",
      "sequence": "5742492914169857",
      "side": "buy",
      "size": "4064",
      "symbol": "SUPRA-USDT",
      "takerOrderId": "674717d7eaedf50007722d39",
      "time": "1732712407997000000",
      "tradeId": "5742492914169857",
      "type": "match",
      "time_received": "13:00:08.0452"
    },
    {
      "makerOrderId": "674717deb26bfb0007b29ceb",
      "price": "0.023988",
      "sequence": "5742495868139521",
      "side": "buy",
      "size": "1429",
      "symbol": "SUPRA-USDT",
      "takerOrderId": "674717de439c100007b4579b",
      "time": "1732712414719000000",
      "tradeId": "5742495868139521",
      "type": "match",
      "time_received": "13:00:14.8523"
    },
    {
      "makerOrderId": "674717de754b1e00078e4216",
      "price": "0.023989",
      "sequence": "5742495868139524",
      "side": "buy",
      "size": "1429",
      "symbol": "SUPRA-USDT",
      "takerOrderId": "674717de439c100007b4579b",
      "time": "1732712414719000000",
      "tradeId": "5742495868139524",
      "type": "match",
      "time_received": "13:00:14.8524"
    },
    {
      "makerOrderId": "674717dd1adbea000786aedc",
      "price": "0.023992",
      "sequence": "5742495868139527",
      "side": "buy",
      "size": "152",
      "symbol": "SUPRA-USDT",
      "takerOrderId": "674717de439c100007b4579b",
      "time": "1732712414719000000",
      "tradeId": "5742495868139527",
      "type": "match",
      "time_received": "13:00:14.8525"
    },
    {
      "makerOrderId": "674717de812d400007c122a5",
      "price": "0.024106",
      "sequence": "5742495868139530",
      "side": "buy",
      "size": "1429",
      "symbol": "SUPRA-USDT",
      "takerOrderId": "674717de439c100007b4579b",
      "time": "1732712414719000000",
      "tradeId": "5742495868139530",
      "type": "match",
      "time_received": "13:00:14.8526"
    },
    {
      "makerOrderId": "674717d65e5d4c0007f9b601",
      "price": "0.024326",
      "sequence": "5742495868139533",
      "side": "buy",
      "size": "610",
      "symbol": "SUPRA-USDT",
      "takerOrderId": "674717de439c100007b4579b",
      "time": "1732712414719000000",
      "tradeId": "5742495868139533",
      "type": "match",
      "time_received": "13:00:14.8526"
    },
    {
      "makerOrderId": "674717d6439c100007b415bd",
      "price": "0.02519",
      "sequence": "5742495868139536",
      "side": "buy",
      "size": "110",
      "symbol": "SUPRA-USDT",
      "takerOrderId": "674717de439c100007b4579b",
      "time": "1732712414719000000",
      "tradeId": "5742495868139536",
      "type": "match",
      "time_received": "13:00:14.8527"
    },
    {
      "makerOrderId": "674717de439c100007b4579b",
      "price": "0.025992",
      "sequence": "5742496590215169",
      "side": "sell",
      "size": "14077",
      "symbol": "SUPRA-USDT",
      "takerOrderId": "674717e05e5d4c0007fa05d6",
      "time": "1732712416714000000",
      "tradeId": "5742496590215169",
      "type": "match",
      "time_received": "13:00:16.7718"
    },
    {
      "makerOrderId": "674717de754b1e00078e45c4",
      "price": "0.025992",
      "sequence": "5742496590215172",
      "side": "sell",
      "size": "852",
      "symbol": "SUPRA-USDT",
      "takerOrderId": "674717e05e5d4c0007fa05d6",
      "time": "1732712416714000000",
      "tradeId": "5742496590215172",
      "type": "match",
      "time_received": "13:00:16.7719"
    },
    {
      "makerOrderId": "674717de5e5d4c0007f9f93f",
      "price": "0.025992",
      "sequence": "5742496590215175",
      "side": "sell",
      "size": "1684",
      "symbol": "SUPRA-USDT",
      "takerOrderId": "674717e05e5d4c0007fa05d6",
      "time": "1732712416714000000",
      "tradeId": "5742496590215175",
      "type": "match",
      "time_received": "13:00:16.7719"
    },
    {
      "makerOrderId": "674717de812d400007c125fc",
      "price": "0.025992",
      "sequence": "5742496590215178",
      "side": "sell",
      "size": "965",
      "symbol": "SUPRA-USDT",
      "takerOrderId": "674717e05e5d4c0007fa05d6",
      "time": "1732712416714000000",
      "tradeId": "5742496590215178",
      "type": "match",
      "time_received": "13:00:16.7720"
    },
    {
      "makerOrderId": "674717dfeaedf5000772680a",
      "price": "0.0224",
      "sequence": "5742496634779649",
      "side": "sell",
      "size": "795",
      "symbol": "SUPRA-USDT",
      "takerOrderId": "674717e08b053b0007c09dde",
      "time": "1732712416832000000",
      "tradeId": "5742496634779649",
      "type": "match",
      "time_received": "13:00:16.8894"
    },
    {
      "makerOrderId": "674717dfef434f00076b3870",
      "price": "0.0224",
      "sequence": "5742496634779652",
      "side": "sell",
      "size": "1208",
      "symbol": "SUPRA-USDT",
      "takerOrderId": "674717e08b053b0007c09dde",
      "time": "1732712416832000000",
      "tradeId": "5742496634779652",
      "type": "match",
      "time_received": "13:00:16.8902"
    },
    {
      "makerOrderId": "674717df8b053b0007c09753",
      "price": "0.0224",
      "sequence": "5742496634779655",
      "side": "sell",
      "size": "7308",
      "symbol": "SUPRA-USDT",
      "takerOrderId": "674717e08b053b0007c09dde",
      "time": "1732712416832000000",
      "tradeId": "5742496634779655",
      "type": "match",
      "time_received": "13:00:16.8903"
    },
    {
      "makerOrderId": "674717deef434f00076b31c2",
      "price": "0.020126",
      "sequence": "5742496634910721",
      "side": "sell",
      "size": "1024",
      "symbol": "SUPRA-USDT",
      "takerOrderId": "674717e0eaedf500077270bc",
      "time": "1732712416832000000",
      "tradeId": "5742496634910721",
      "type": "match",
      "time_received": "13:00:16.8904"
    },
    {
      "makerOrderId": "674717de33b8f300073816d2",
      "price": "0.020022",
      "sequence": "5742496634910724",
      "side": "sell",
      "size": "843",
      "symbol": "SUPRA-USDT",
      "takerOrderId": "674717e0eaedf500077270bc",
      "time": "1732712416832000000",
      "tradeId": "5742496634910724",
      "type": "match",
      "time_received": "13:00:16.8904"
    },
    {
      "makerOrderId": "674717de2033a500074f51a8",
      "price": "0.020022",
      "sequence": "5742496634910727",
      "side": "sell",
      "size": "843",
      "symbol": "SUPRA-USDT",
      "takerOrderId": "674717e0eaedf500077270bc",
      "time": "1732712416832000000",
      "tradeId": "5742496634910727",
      "type": "match",
      "time_received": "13:00:16.8904"
    },
    {
      "makerOrderId": "674717deb6d50800078771c5",
      "price": "0.020021",
      "sequence": "5742496634910730",
      "side": "sell",
      "size": "843",
      "symbol": "SUPRA-USDT",
      "takerOrderId": "674717e0eaedf500077270bc",
      "time": "1732712416832000000",
      "tradeId": "5742496634910730",
      "type": "match",
      "time_received": "13:00:16.8904"
    },
    {
      "makerOrderId": "674717df33b8f30007381b2b",
      "price": "0.020014",
      "sequence": "5742496634910733",
      "side": "sell",
      "size": "2013",
      "symbol": "SUPRA-USDT",
      "takerOrderId": "674717e0eaedf500077270bc",
      "time": "1732712416832000000",
      "tradeId": "5742496634910733",
      "type": "match",
      "time_received": "13:00:16.8905"
    },
    {
      "makerOrderId": "674717d6812d400007c0e268",
      "price": "0.02",
      "sequence": "5742496634910736",
      "side": "sell",
      "size": "4619",
      "symbol": "SUPRA-USDT",
      "takerOrderId": "674717e0eaedf500077270bc",
      "time": "1732712416832000000",
      "tradeId": "5742496634910736",
      "type": "match",
      "time_received": "13:00:16.8905"
    },
    {
      "makerOrderId": "674717d8eaedf50007723186",
      "price": "0.02",
      "sequence": "5742496634910739",
      "side": "sell",
      "size": "1478",
      "symbol": "SUPRA-USDT",
      "takerOrderId": "674717e0eaedf500077270bc",
      "time": "1732712416832000000",
      "tradeId": "5742496634910739",
      "type": "match",
      "time_received": "13:00:16.8905"
    },
    {
      "makerOrderId": "674717d9ba86a000074e4434",
      "price": "0.02",
      "sequence": "5742496634910742",
      "side": "sell",
      "size": "1475",
      "symbol": "SUPRA-USDT",
      "takerOrderId": "674717e0eaedf500077270bc",
      "time": "1732712416832000000",
      "tradeId": "5742496634910742",
      "type": "match",
      "time_received": "13:00:16.8905"
    },
    {
      "makerOrderId": "674717da754b1e00078e1f37",
      "price": "0.02",
      "sequence": "5742496634910745",
      "side": "sell",
      "size": "52351",
      "symbol": "SUPRA-USDT",
      "takerOrderId": "674717e0eaedf500077270bc",
      "time": "1732712416832000000",
      "tradeId": "5742496634910745",
      "type": "match",
      "time_received": "13:00:16.8906"
    },
    {
      "makerOrderId": "674717df754b1e00078e48f2",
      "price": "0.0138",
      "sequence": "5742496635566081",
      "side": "sell",
      "size": "1811",
      "symbol": "SUPRA-USDT",
      "takerOrderId": "674717e0b26bfb0007b2aca6",
      "time": "1732712416832000000",
      "tradeId": "5742496635566081",
      "type": "match",
      "time_received": "13:00:16.8906"
    },
    {
      "makerOrderId": "674717dfb26bfb0007b2a0f3",
      "price": "0.0135",
      "sequence": "5742496635566084",
      "side": "sell",
      "size": "1851",
      "symbol": "SUPRA-USDT",
      "takerOrderId": "674717e0b26bfb0007b2aca6",
      "time": "1732712416832000000",
      "tradeId": "5742496635566084",
      "type": "match",
      "time_received": "13:00:16.8907"
    },
    {
      "makerOrderId": "674717dfe21c740007689a82",
      "price": "0.01325",
      "sequence": "5742496635566087",
      "side": "sell",
      "size": "18867",
      "symbol": "SUPRA-USDT",
      "takerOrderId": "674717e0b26bfb0007b2aca6",
      "time": "1732712416832000000",
      "tradeId": "5742496635566087",
      "type": "match",
      "time_received": "13:00:16.8907"
    },
    {
      "makerOrderId": "674717ddb26bfb0007b28e17",
      "price": "0.0132",
      "sequence": "5742496635566090",
      "side": "sell",
      "size": "15151",
      "symbol": "SUPRA-USDT",
      "takerOrderId": "674717e0b26bfb0007b2aca6",
      "time": "1732712416832000000",
      "tradeId": "5742496635566090",
      "type": "match",
      "time_received": "13:00:16.8907"
    },
    {
      "makerOrderId": "674717dfe21c740007689d1b",
      "price": "0.0132",
      "sequence": "5742496635566093",
      "side": "sell",
      "size": "1893",
      "symbol": "SUPRA-USDT",
      "takerOrderId": "674717e0b26bfb0007b2aca6",
      "time": "1732712416832000000",
      "tradeId": "5742496635566093",
      "type": "match",
      "time_received": "13:00:16.8907"
    },
    {
      "makerOrderId": "674717de812d400007c123e3",
      "price": "0.0121",
      "sequence": "5742496635959297",
      "side": "sell",
      "size": "2066",
      "symbol": "SUPRA-USDT",
      "takerOrderId": "674717e0a69a4c00072d78c3",
      "time": "1732712416833000000",
      "tradeId": "5742496635959297",
      "type": "match",
      "time_received": "13:00:16.8908"
    },
    {
      "makerOrderId": "674717dc1adbea000786a49b",
      "price": "0.011715",
      "sequence": "5742496635959300",
      "side": "sell",
      "size": "9987",
      "symbol": "SUPRA-USDT",
      "takerOrderId": "674717e0a69a4c00072d78c3",
      "time": "1732712416833000000",
      "tradeId": "5742496635959300",
      "type": "match",
      "time_received": "13:00:16.8908"
    },
    {
      "makerOrderId": "674717def61fa000074046af",
      "price": "0.0117",
      "sequence": "5742496635959303",
      "side": "sell",
      "size": "2136",
      "symbol": "SUPRA-USDT",
      "takerOrderId": "674717e0a69a4c00072d78c3",
      "time": "1732712416833000000",
      "tradeId": "5742496635959303",
      "type": "match",
      "time_received": "13:00:16.8908"
    },
    {
      "makerOrderId": "674717dbef434f00076b1b82",
      "price": "0.01155",
      "sequence": "5742496635959306",
      "side": "sell",
      "size": "17316",
      "symbol": "SUPRA-USDT",
      "takerOrderId": "674717e0a69a4c00072d78c3",
      "time": "1732712416833000000",
      "tradeId": "5742496635959306",
      "type": "match",
      "time_received": "13:00:16.8909"
    },
    {
      "makerOrderId": "674717dd14a89200075e517b",
      "price": "0.01152",
      "sequence": "5742496635959309",
      "side": "sell",
      "size": "26041",
      "symbol": "SUPRA-USDT",
      "takerOrderId": "674717e0a69a4c00072d78c3",
      "time": "1732712416833000000",
      "tradeId": "5742496635959309",
      "type": "match",
      "time_received": "13:00:16.8909"
    },
    {
      "makerOrderId": "674717dc812d400007c1139d",
      "price": "0.01122",
      "sequence": "5742496635959312",
      "side": "sell",
      "size": "10427",
      "symbol": "SUPRA-USDT",
      "takerOrderId": "674717e0a69a4c00072d78c3",
      "time": "1732712416833000000",
      "tradeId": "5742496635959312",
      "type": "match",
      "time_received": "13:00:16.8909"
    },
    {
      "makerOrderId": "674717db633e91000760f66c",
      "price": "0.0112",
      "sequence": "5742496635959315",
      "side": "sell",
      "size": "6250",
      "symbol": "SUPRA-USDT",
      "takerOrderId": "674717e0a69a4c00072d78c3",
      "time": "1732712416833000000",
      "tradeId": "5742496635959315",
      "type": "match",
      "time_received": "13:00:16.8909"
    },
    {
      "makerOrderId": "674717dcb6d50800078763a4",
      "price": "0.011055",
      "sequence": "5742496635959318",
      "side": "sell",
      "size": "10583",
      "symbol": "SUPRA-USDT",
      "takerOrderId": "674717e0a69a4c00072d78c3",
      "time": "1732712416833000000",
      "tradeId": "5742496635959318",
      "type": "match",
      "time_received": "13:00:16.8910"
    },
    {
      "makerOrderId": "674717d9633e91000760f4e9",
      "price": "0.0109",
      "sequence": "5742496635959321",
      "side": "sell",
      "size": "6422",
      "symbol": "SUPRA-USDT",
      "takerOrderId": "674717e0a69a4c00072d78c3",
      "time": "1732712416833000000",
      "tradeId": "5742496635959321",
      "type": "match",
      "time_received": "13:00:16.8910"
    },
    {
      "makerOrderId": "674717dab6d508000787521b",
      "price": "0.010725",
      "sequence": "5742496637007873",
      "side": "sell",
      "size": "9324",
      "symbol": "SUPRA-USDT",
      "takerOrderId": "674717e0f61fa000074059eb",
      "time": "1732712416833000000",
      "tradeId": "5742496637007873",
      "type": "match",
      "time_received": "13:00:16.8910"
    },
    {
      "makerOrderId": "674717d9633e91000760f537",
      "price": "0.0107",
      "sequence": "5742496637007876",
      "side": "sell",
      "size": "6542",
      "symbol": "SUPRA-USDT",
      "takerOrderId": "674717e0f61fa000074059eb",
      "time": "1732712416833000000",
      "tradeId": "5742496637007876",
      "type": "match",
      "time_received": "13:00:16.8910"
    },
    {
      "makerOrderId": "674717dc725fc60007ddd931",
      "price": "0.01056",
      "sequence": "5742496637007879",
      "side": "sell",
      "size": "11079",
      "symbol": "SUPRA-USDT",
      "takerOrderId": "674717e0f61fa000074059eb",
      "time": "1732712416833000000",
      "tradeId": "5742496637007879",
      "type": "match",
      "time_received": "13:00:16.8911"
    },
    {
      "makerOrderId": "674717dc14a89200075e491d",
      "price": "0.01056",
      "sequence": "5742496637007882",
      "side": "sell",
      "size": "28409",
      "symbol": "SUPRA-USDT",
      "takerOrderId": "674717e0f61fa000074059eb",
      "time": "1732712416833000000",
      "tradeId": "5742496637007882",
      "type": "match",
      "time_received": "13:00:16.8911"
    },
    {
      "makerOrderId": "674717dc439c100007b4462b",
      "price": "0.010395",
      "sequence": "5742496637007885",
      "side": "sell",
      "size": "11255",
      "symbol": "SUPRA-USDT",
      "takerOrderId": "674717e0f61fa000074059eb",
      "time": "1732712416833000000",
      "tradeId": "5742496637007885",
      "type": "match",
      "time_received": "13:00:16.8911"
    },
    {
      "makerOrderId": "674717dd754b1e00078e38d5",
      "price": "0.010001",
      "sequence": "5742496637007888",
      "side": "sell",
      "size": "14886",
      "symbol": "SUPRA-USDT",
      "takerOrderId": "674717e0f61fa000074059eb",
      "time": "1732712416833000000",
      "tradeId": "5742496637007888",
      "type": "match",
      "time_received": "13:00:16.8911"
    },
    {
      "makerOrderId": "674717d7eaedf50007722af7",
      "price": "0.01",
      "sequence": "5742496637007891",
      "side": "sell",
      "size": "5007",
      "symbol": "SUPRA-USDT",
      "takerOrderId": "674717e0f61fa000074059eb",
      "time": "1732712416833000000",
      "tradeId": "5742496637007891",
      "type": "match",
      "time_received": "13:00:16.8912"
    },
    {
      "makerOrderId": "674717d89e4e4000079b5f71",
      "price": "0.01",
      "sequence": "5742496637007894",
      "side": "sell",
      "size": "22044",
      "symbol": "SUPRA-USDT",
      "takerOrderId": "674717e0f61fa000074059eb",
      "time": "1732712416833000000",
      "tradeId": "5742496637007894",
      "type": "match",
      "time_received": "13:00:16.8912"
    },
    {
      "makerOrderId": "674717e09e4e4000079ba343",
      "price": "0.022401",
      "sequence": "5742496730593281",
      "side": "sell",
      "size": "388",
      "symbol": "SUPRA-USDT",
      "takerOrderId": "674717e0e21c74000768a72d",
      "time": "1732712416996000000",
      "tradeId": "5742496730593281",
      "type": "match",
      "time_received": "13:00:17.0420"
    },
    {
      "makerOrderId": "674717e0ef434f00076b41f9",
      "price": "0.022401",
      "sequence": "5742496730593284",
      "side": "sell",
      "size": "223",
      "symbol": "SUPRA-USDT",
      "takerOrderId": "674717e0e21c74000768a72d",
      "time": "1732712416996000000",
      "tradeId": "5742496730593284",
      "type": "match",
      "time_received": "13:00:17.0421"
    },
    {
      "makerOrderId": "674717e0e21c74000768a72d",
      "price": "0.019482",
      "sequence": "5742496787609601",
      "side": "buy",
      "size": "413",
      "symbol": "SUPRA-USDT",
      "takerOrderId": "674717e1ba86a000074e4958",
      "time": "1732712417149000000",
      "tradeId": "5742496787609601",
      "type": "match",
      "time_received": "13:00:17.1966"
    },
    {
      "makerOrderId": "674717e1ba86a000074e4958",
      "price": "0.025",
      "sequence": "5742497087764481",
      "side": "sell",
      "size": "2313",
      "symbol": "SUPRA-USDT",
      "takerOrderId": "674717e19e4e4000079baa3e",
      "time": "1732712417987000000",
      "tradeId": "5742497087764481",
      "type": "match",
      "time_received": "13:00:18.0312"
    },
    {
      "makerOrderId": "674717e1dcdd7b0007edda94",
      "price": "0.023991",
      "sequence": "5742497087764484",
      "side": "sell",
      "size": "375",
      "symbol": "SUPRA-USDT",
      "takerOrderId": "674717e19e4e4000079baa3e",
      "time": "1732712417987000000",
      "tradeId": "5742497087764484",
      "type": "match",
      "time_received": "13:00:18.0313"
    },
    {
      "makerOrderId": "674717e1f61fa00007405d6e",
      "price": "0.023989",
      "sequence": "5742497087764487",
      "side": "sell",
      "size": "2261",
      "symbol": "SUPRA-USDT",
      "takerOrderId": "674717e19e4e4000079baa3e",
      "time": "1732712417987000000",
      "tradeId": "5742497087764487",
      "type": "match",
      "time_received": "13:00:18.0313"
    },
    {
      "makerOrderId": "674717e2ba86a000074e4a27",
      "price": "0.0182",
      "sequence": "5742497384904705",
      "side": "buy",
      "size": "1831",
      "symbol": "SUPRA-USDT",
      "takerOrderId": "674717e2a69a4c00072d8773",
      "time": "1732712418906000000",
      "tradeId": "5742497384904705",
      "type": "match",
      "time_received": "13:00:18.9476"
    },
    {
      "makerOrderId": "674717e25e5d4c0007fa14a9",
      "price": "0.0182",
      "sequence": "5742497480849409",
      "side": "buy",
      "size": "852",
      "symbol": "SUPRA-USDT",
      "takerOrderId": "674717e35e5d4c0007fa16c7",
      "time": "1732712419209000000",
      "tradeId": "5742497480849409",
      "type": "match",
      "time_received": "13:00:19.2830"
    },
    {
      "makerOrderId": "674717e2b6d5080007879519",
      "price": "0.0182",
      "sequence": "5742497480849412",
      "side": "buy",
      "size": "1188",
      "symbol": "SUPRA-USDT",
      "takerOrderId": "674717e35e5d4c0007fa16c7",
      "time": "1732712419209000000",
      "tradeId": "5742497480849412",
      "type": "match",
      "time_received": "13:00:19.2831"
    },
    {
      "makerOrderId": "674717e25e5d4c0007fa14d3",
      "price": "0.018201",
      "sequence": "5742497480849415",
      "side": "buy",
      "size": "2072",
      "symbol": "SUPRA-USDT",
      "takerOrderId": "674717e35e5d4c0007fa16c7",
      "time": "1732712419209000000",
      "tradeId": "5742497480849415",
      "type": "match",
      "time_received": "13:00:19.2831"
    },
    {
      "makerOrderId": "674717e2eaedf50007727c96",
      "price": "0.01888",
      "sequence": "5742497480849418",
      "side": "buy",
      "size": "1063",
      "symbol": "SUPRA-USDT",
      "takerOrderId": "674717e35e5d4c0007fa16c7",
      "time": "1732712419209000000",
      "tradeId": "5742497480849418",
      "type": "match",
      "time_received": "13:00:19.2832"
    },
    {
      "makerOrderId": "674717e2eaedf50007727c96",
      "price": "0.01888",
      "sequence": "5742497489631233",
      "side": "buy",
      "size": "1850",
      "symbol": "SUPRA-USDT",
      "takerOrderId": "674717e32033a500074f71a8",
      "time": "1732712419240000000",
      "tradeId": "5742497489631233",
      "type": "match",
      "time_received": "13:00:19.2833"
    },
    {
      "makerOrderId": "674717e2eaedf50007727c96",
      "price": "0.01888",
      "sequence": "5742497504442369",
      "side": "buy",
      "size": "1745",
      "symbol": "SUPRA-USDT",
      "takerOrderId": "674717e35a55500007e4ffaa",
      "time": "1732712419291000000",
      "tradeId": "5742497504442369",
      "type": "match",
      "time_received": "13:00:19.3371"
    },
    {
      "makerOrderId": "674717e45a55500007e50a3a",
      "price": "0.017145",
      "sequence": "5742498157967361",
      "side": "buy",
      "size": "6505",
      "symbol": "SUPRA-USDT",
      "takerOrderId": "674717e45a55500007e50cd5",
      "time": "1732712420763000000",
      "tradeId": "5742498157967361",
      "type": "match",
      "time_received": "13:00:20.8056"
    },
    {
      "makerOrderId": "674717e4a69a4c00072d95dc",
      "price": "0.016004",
      "sequence": "5742498358376449",
      "side": "sell",
      "size": "2081",
      "symbol": "SUPRA-USDT",
      "takerOrderId": "674717e5812d400007c15494",
      "time": "1732712421321000000",
      "tradeId": "5742498358376449",
      "type": "match",
      "time_received": "13:00:21.3679"
    },
    {
      "makerOrderId": "674717e433b8f30007383f70",
      "price": "0.016003",
      "sequence": "5742498358376452",
      "side": "sell",
      "size": "2024",
      "symbol": "SUPRA-USDT",
      "takerOrderId": "674717e5812d400007c15494",
      "time": "1732712421321000000",
      "tradeId": "5742498358376452",
      "type": "match",
      "time_received": "13:00:21.3680"
    },
    {
      "makerOrderId": "674717e3b26bfb0007b2bd92",
      "price": "0.016002",
      "sequence": "5742498358376455",
      "side": "sell",
      "size": "1048",
      "symbol": "SUPRA-USDT",
      "takerOrderId": "674717e5812d400007c15494",
      "time": "1732712421321000000",
      "tradeId": "5742498358376455",
      "type": "match",
      "time_received": "13:00:21.3681"
    },
    {
      "makerOrderId": "674717e35e5d4c0007fa1792",
      "price": "0.016002",
      "sequence": "5742498358376458",
      "side": "sell",
      "size": "1141",
      "symbol": "SUPRA-USDT",
      "takerOrderId": "674717e5812d400007c15494",
      "time": "1732712421321000000",
      "tradeId": "5742498358376458",
      "type": "match",
      "time_received": "13:00:21.3682"
    },
    {
      "makerOrderId": "674717e333b8f30007383865",
      "price": "0.016002",
      "sequence": "5742498358376461",
      "side": "sell",
      "size": "1249",
      "symbol": "SUPRA-USDT",
      "takerOrderId": "674717e5812d400007c15494",
      "time": "1732712421321000000",
      "tradeId": "5742498358376461",
      "type": "match",
      "time_received": "13:00:21.3683"
    },
    {
      "makerOrderId": "674717e58b053b0007c0c2ac",
      "price": "0.014485",
      "sequence": "5742498565339137",
      "side": "sell",
      "size": "1092",
      "symbol": "SUPRA-USDT",
      "takerOrderId": "674717e514a89200075e9177",
      "time": "1732712421693000000",
      "tradeId": "5742498565339137",
      "type": "match",
      "time_received": "13:00:21.7440"
    },
    {
      "makerOrderId": "674717e5ef434f00076b657d",
      "price": "0.014485",
      "sequence": "5742498565339140",
      "side": "sell",
      "size": "253",
      "symbol": "SUPRA-USDT",
      "takerOrderId": "674717e514a89200075e9177",
      "time": "1732712421693000000",
      "tradeId": "5742498565339140",
      "type": "match",
      "time_received": "13:00:21.7441"
    },
    {
      "makerOrderId": "674717e3eaedf5000772819d",
      "price": "0.014484",
      "sequence": "5742498565339143",
      "side": "sell",
      "size": "345",
      "symbol": "SUPRA-USDT",
      "takerOrderId": "674717e514a89200075e9177",
      "time": "1732712421693000000",
      "tradeId": "5742498565339143",
      "type": "match",
      "time_received": "13:00:21.7447"
    },
    {
      "makerOrderId": "674717e3439c100007b47932",
      "price": "0.014484",
      "sequence": "5742498565339146",
      "side": "sell",
      "size": "345",
      "symbol": "SUPRA-USDT",
      "takerOrderId": "674717e514a89200075e9177",
      "time": "1732712421693000000",
      "tradeId": "5742498565339146",
      "type": "match",
      "time_received": "13:00:21.7447"
    },
    {
      "makerOrderId": "674717e6b26bfb0007b2da82",
      "price": "0.013333",
      "sequence": "5742499234592769",
      "side": "sell",
      "size": "688",
      "symbol": "SUPRA-USDT",
      "takerOrderId": "674717e714a89200075e9d50",
      "time": "1732712423198000000",
      "tradeId": "5742499234592769",
      "type": "match",
      "time_received": "13:00:23.2438"
    },
    {
      "makerOrderId": "674717e6725fc60007de2a35",
      "price": "0.013264",
      "sequence": "5742499234592772",
      "side": "sell",
      "size": "438",
      "symbol": "SUPRA-USDT",
      "takerOrderId": "674717e714a89200075e9d50",
      "time": "1732712423198000000",
      "tradeId": "5742499234592772",
      "type": "match",
      "time_received": "13:00:23.2439"
    },
    {
      "makerOrderId": "674717e69e4e4000079bd226",
      "price": "0.014397",
      "sequence": "5742499236952065",
      "side": "buy",
      "size": "162",
      "symbol": "SUPRA-USDT",
      "takerOrderId": "674717e71adbea000786fa67",
      "time": "1732712423207000000",
      "tradeId": "5742499236952065",
      "type": "match",
      "time_received": "13:00:23.2505"
    },
    {
      "makerOrderId": "674717e7e21c74000768d800",
      "price": "0.013334",
      "sequence": "5742499392141313",
      "side": "sell",
      "size": "739",
      "symbol": "SUPRA-USDT",
      "takerOrderId": "674717e7e21c74000768da54",
      "time": "1732712423683000000",
      "tradeId": "5742499392141313",
      "type": "match",
      "time_received": "13:00:23.7287"
    },
    {
      "makerOrderId": "674717e7ba86a000074e4db3",
      "price": "0.0142",
      "sequence": "5742499402758145",
      "side": "buy",
      "size": "1039",
      "symbol": "SUPRA-USDT",
      "takerOrderId": "674717e7e21c74000768da61",
      "time": "1732712423706000000",
      "tradeId": "5742499402758145",
      "type": "match",
      "time_received": "13:00:23.7527"
    },
    {
      "makerOrderId": "674717e7e21c74000768d86c",
      "price": "0.011821",
      "sequence": "5742499801610241",
      "side": "sell",
      "size": "1743",
      "symbol": "SUPRA-USDT",
      "takerOrderId": "674717e8b38d12000751dd09",
      "time": "1732712424764000000",
      "tradeId": "5742499801610241",
      "type": "match",
      "time_received": "13:00:24.8178"
    },
    {
      "makerOrderId": "674717e8e21c74000768ddbf",
      "price": "0.011761",
      "sequence": "5742499801610244",
      "side": "sell",
      "size": "537",
      "symbol": "SUPRA-USDT",
      "takerOrderId": "674717e8b38d12000751dd09",
      "time": "1732712424764000000",
      "tradeId": "5742499801610244",
      "type": "match",
      "time_received": "13:00:24.8179"
    },
    {
      "makerOrderId": "674717e81adbea00078700e1",
      "price": "0.011761",
      "sequence": "5742499801610247",
      "side": "sell",
      "size": "528",
      "symbol": "SUPRA-USDT",
      "takerOrderId": "674717e8b38d12000751dd09",
      "time": "1732712424764000000",
      "tradeId": "5742499801610247",
      "type": "match",
      "time_received": "13:00:24.8180"
    },
    {
      "makerOrderId": "674717e68b053b0007c0ccb6",
      "price": "0.01176",
      "sequence": "5742499801610250",
      "side": "sell",
      "size": "11",
      "symbol": "SUPRA-USDT",
      "takerOrderId": "674717e8b38d12000751dd09",
      "time": "1732712424764000000",
      "tradeId": "5742499801610250",
      "type": "match",
      "time_received": "13:00:24.8180"
    },
    {
      "makerOrderId": "674717e8812d400007c16eef",
      "price": "0.012372",
      "sequence": "5742499920230401",
      "side": "buy",
      "size": "1851",
      "symbol": "SUPRA-USDT",
      "takerOrderId": "674717e9439c100007b4a2b6",
      "time": "1732712425012000000",
      "tradeId": "5742499920230401",
      "type": "match",
      "time_received": "13:00:25.0549"
    },
    {
      "makerOrderId": "674717e8eaedf5000772ab1b",
      "price": "0.013008",
      "sequence": "5742499920230404",
      "side": "buy",
      "size": "872",
      "symbol": "SUPRA-USDT",
      "takerOrderId": "674717e9439c100007b4a2b6",
      "time": "1732712425012000000",
      "tradeId": "5742499920230404",
      "type": "match",
      "time_received": "13:00:25.0551"
    },
    {
      "makerOrderId": "674717e8812d400007c16e17",
      "price": "0.013008",
      "sequence": "5742499920230407",
      "side": "buy",
      "size": "871",
      "symbol": "SUPRA-USDT",
      "takerOrderId": "674717e9439c100007b4a2b6",
      "time": "1732712425012000000",
      "tradeId": "5742499920230407",
      "type": "match",
      "time_received": "13:00:25.0551"
    },
    {
      "makerOrderId": "674717e9439c100007b4a2b6",
      "price": "0.013333",
      "sequence": "5742499938449409",
      "side": "sell",
      "size": "2341",
      "symbol": "SUPRA-USDT",
      "takerOrderId": "674717e9754b1e00078e8eba",
      "time": "1732712425073000000",
      "tradeId": "5742499938449409",
      "type": "match",
      "time_received": "13:00:25.1218"
    },
    {
      "makerOrderId": "674717e9439c100007b4a2b6",
      "price": "0.013333",
      "sequence": "5742499946051585",
      "side": "sell",
      "size": "201",
      "symbol": "SUPRA-USDT",
      "takerOrderId": "674717e9e21c74000768e28a",
      "time": "1732712425091000000",
      "tradeId": "5742499946051585",
      "type": "match",
      "time_received": "13:00:25.1377"
    },
    {
      "makerOrderId": "674717e9725fc60007de3e14",
      "price": "0.011762",
      "sequence": "5742500318689281",
      "side": "sell",
      "size": "481",
      "symbol": "SUPRA-USDT",
      "takerOrderId": "674717ea812d400007c17592",
      "time": "1732712426148000000",
      "tradeId": "5742500318689281",
      "type": "match",
      "time_received": "13:00:26.1931"
    },
    {
      "makerOrderId": "674717eaeaedf5000772b254",
      "price": "0.010908",
      "sequence": "5742500318689284",
      "side": "sell",
      "size": "9167",
      "symbol": "SUPRA-USDT",
      "takerOrderId": "674717ea812d400007c17592",
      "time": "1732712426148000000",
      "tradeId": "5742500318689284",
      "type": "match",
      "time_received": "13:00:26.1932"
    },
    {
      "makerOrderId": "674717e9b38d12000751e186",
      "price": "0.012372",
      "sequence": "5742500723177473",
      "side": "buy",
      "size": "154",
      "symbol": "SUPRA-USDT",
      "takerOrderId": "674717eb1adbea0007871134",
      "time": "1732712427056000000",
      "tradeId": "5742500723177473",
      "type": "match",
      "time_received": "13:00:27.1076"
    },
    {
      "makerOrderId": "674717ec2033a500074fb11a",
      "price": "0.01053",
      "sequence": "5742501219940353",
      "side": "sell",
      "size": "42786",
      "symbol": "SUPRA-USDT",
      "takerOrderId": "674717ecef434f00076b9119",
      "time": "1732712428196000000",
      "tradeId": "5742501219940353",
      "type": "match",
      "time_received": "13:00:28.2560"
    },
    {
      "makerOrderId": "674717ecf61fa0000740aae8",
      "price": "0.010531",
      "sequence": "5742501307496449",
      "side": "sell",
      "size": "417",
      "symbol": "SUPRA-USDT",
      "takerOrderId": "674717ec2033a500074fb3c8",
      "time": "1732712428523000000",
      "tradeId": "5742501307496449",
      "type": "match",
      "time_received": "13:00:28.5650"
    },
    {
      "makerOrderId": "674717ec2033a500074fb11a",
      "price": "0.01053",
      "sequence": "5742501307496452",
      "side": "sell",
      "size": "4697",
      "symbol": "SUPRA-USDT",
      "takerOrderId": "674717ec2033a500074fb3c8",
      "time": "1732712428523000000",
      "tradeId": "5742501307496452",
      "type": "match",
      "time_received": "13:00:28.5654"
    },
    {
      "makerOrderId": "674717ea5e5d4c0007fa48f8",
      "price": "0.010524",
      "sequence": "5742501307496455",
      "side": "sell",
      "size": "1957",
      "symbol": "SUPRA-USDT",
      "takerOrderId": "674717ec2033a500074fb3c8",
      "time": "1732712428523000000",
      "tradeId": "5742501307496455",
      "type": "match",
      "time_received": "13:00:28.5654"
    },
    {
      "makerOrderId": "674717ea812d400007c17a97",
      "price": "0.010501",
      "sequence": "5742501307496458",
      "side": "sell",
      "size": "2671",
      "symbol": "SUPRA-USDT",
      "takerOrderId": "674717ec2033a500074fb3c8",
      "time": "1732712428523000000",
      "tradeId": "5742501307496458",
      "type": "match",
      "time_received": "13:00:28.5655"
    },
    {
      "makerOrderId": "674717eb5e5d4c0007fa555c",
      "price": "0.010501",
      "sequence": "5742501307496461",
      "side": "sell",
      "size": "423",
      "symbol": "SUPRA-USDT",
      "takerOrderId": "674717ec2033a500074fb3c8",
      "time": "1732712428523000000",
      "tradeId": "5742501307496461",
      "type": "match",
      "time_received": "13:00:28.5655"
    },
    {
      "makerOrderId": "674717e8b6d508000787c323",
      "price": "0.0105",
      "sequence": "5742501307496464",
      "side": "sell",
      "size": "4285",
      "symbol": "SUPRA-USDT",
      "takerOrderId": "674717ec2033a500074fb3c8",
      "time": "1732712428523000000",
      "tradeId": "5742501307496464",
      "type": "match",
      "time_received": "13:00:28.5655"
    },
    {
      "makerOrderId": "674717e89e4e4000079bd9a2",
      "price": "0.0103",
      "sequence": "5742501307496467",
      "side": "sell",
      "size": "2427",
      "symbol": "SUPRA-USDT",
      "takerOrderId": "674717ec2033a500074fb3c8",
      "time": "1732712428523000000",
      "tradeId": "5742501307496467",
      "type": "match",
      "time_received": "13:00:28.5657"
    },
    {
      "makerOrderId": "674717ec1adbea0007871c69",
      "price": "0.010031",
      "sequence": "5742501386401793",
      "side": "sell",
      "size": "369",
      "symbol": "SUPRA-USDT",
      "takerOrderId": "674717ecb38d12000751f6b2",
      "time": "1732712428831000000",
      "tradeId": "5742501386401793",
      "type": "match",
      "time_received": "13:00:28.8823"
    },
    {
      "makerOrderId": "674717ea1adbea0007871077",
      "price": "0.01003",
      "sequence": "5742501386401796",
      "side": "sell",
      "size": "19940",
      "symbol": "SUPRA-USDT",
      "takerOrderId": "674717ecb38d12000751f6b2",
      "time": "1732712428831000000",
      "tradeId": "5742501386401796",
      "type": "match",
      "time_received": "13:00:28.8824"
    },
    {
      "makerOrderId": "674717d89e4e4000079b5f71",
      "price": "0.01",
      "sequence": "5742501386401799",
      "side": "sell",
      "size": "21219",
      "symbol": "SUPRA-USDT",
      "takerOrderId": "674717ecb38d12000751f6b2",
      "time": "1732712428831000000",
      "tradeId": "5742501386401799",
      "type": "match",
      "time_received": "13:00:28.8824"
    },
    {
      "makerOrderId": "674717e714a89200075e9fe2",
      "price": "0.01",
      "sequence": "5742501386401802",
      "side": "sell",
      "size": "2500",
      "symbol": "SUPRA-USDT",
      "takerOrderId": "674717ecb38d12000751f6b2",
      "time": "1732712428831000000",
      "tradeId": "5742501386401802",
      "type": "match",
      "time_received": "13:00:28.8824"
    },
    {
      "makerOrderId": "674717e8dcdd7b0007ee1084",
      "price": "0.01",
      "sequence": "5742501386401805",
      "side": "sell",
      "size": "10000",
      "symbol": "SUPRA-USDT",
      "takerOrderId": "674717ecb38d12000751f6b2",
      "time": "1732712428831000000",
      "tradeId": "5742501386401805",
      "type": "match",
      "time_received": "13:00:28.8825"
    },
    {
      "makerOrderId": "674717e3a69a4c00072d89b3",
      "price": "0.00945",
      "sequence": "5742501483919361",
      "side": "sell",
      "size": "26455",
      "symbol": "SUPRA-USDT",
      "takerOrderId": "674717ec2033a500074fb710",
      "time": "1732712428973000000",
      "tradeId": "5742501483919361",
      "type": "match",
      "time_received": "13:00:29.0362"
    },
    {
      "makerOrderId": "674717e3dcdd7b0007ede84d",
      "price": "0.00945",
      "sequence": "5742501483919364",
      "side": "sell",
      "size": "26455",
      "symbol": "SUPRA-USDT",
      "takerOrderId": "674717ec2033a500074fb710",
      "time": "1732712428973000000",
      "tradeId": "5742501483919364",
      "type": "match",
      "time_received": "13:00:29.0363"
    },
    {
      "makerOrderId": "674717e4b38d12000751b8b3",
      "price": "0.00945",
      "sequence": "5742501483919367",
      "side": "sell",
      "size": "26455",
      "symbol": "SUPRA-USDT",
      "takerOrderId": "674717ec2033a500074fb710",
      "time": "1732712428973000000",
      "tradeId": "5742501483919367",
      "type": "match",
      "time_received": "13:00:29.0364"
    },
    {
      "makerOrderId": "674717ed1adbea0007871f03",
      "price": "0.009492",
      "sequence": "5742501563348993",
      "side": "buy",
      "size": "847",
      "symbol": "SUPRA-USDT",
      "takerOrderId": "674717ed5e5d4c0007fa5d60",
      "time": "1732712429085000000",
      "tradeId": "5742501563348993",
      "type": "match",
      "time_received": "13:00:29.1298"
    },
    {
      "makerOrderId": "674717ed725fc60007de537f",
      "price": "0.009492",
      "sequence": "5742501563348996",
      "side": "buy",
      "size": "1141",
      "symbol": "SUPRA-USDT",
      "takerOrderId": "674717ed5e5d4c0007fa5d60",
      "time": "1732712429085000000",
      "tradeId": "5742501563348996",
      "type": "match",
      "time_received": "13:00:29.1299"
    },
    {
      "makerOrderId": "674717ed14a89200075ec292",
      "price": "0.009559",
      "sequence": "5742501563348999",
      "side": "buy",
      "size": "2397",
      "symbol": "SUPRA-USDT",
      "takerOrderId": "674717ed5e5d4c0007fa5d60",
      "time": "1732712429085000000",
      "tradeId": "5742501563348999",
      "type": "match",
      "time_received": "13:00:29.1300"
    },
    {
      "makerOrderId": "674717ed14a89200075ec292",
      "price": "0.009559",
      "sequence": "5742501575276545",
      "side": "buy",
      "size": "13153",
      "symbol": "SUPRA-USDT",
      "takerOrderId": "674717ed5a55500007e54644",
      "time": "1732712429106000000",
      "tradeId": "5742501575276545",
      "type": "match",
      "time_received": "13:00:29.1529"
    },
    {
      "makerOrderId": "674717ed8b053b0007c0f7dd",
      "price": "0.00934",
      "sequence": "5742501757728769",
      "side": "sell",
      "size": "1274",
      "symbol": "SUPRA-USDT",
      "takerOrderId": "674717eda69a4c00072dd3d9",
      "time": "1732712429480000000",
      "tradeId": "5742501757728769",
      "type": "match",
      "time_received": "13:00:29.5530"
    },
    {
      "makerOrderId": "674717ec14a89200075ec1a8",
      "price": "0.009339",
      "sequence": "5742501757728772",
      "side": "sell",
      "size": "11518",
      "symbol": "SUPRA-USDT",
      "takerOrderId": "674717eda69a4c00072dd3d9",
      "time": "1732712429480000000",
      "tradeId": "5742501757728772",
      "type": "match",
      "time_received": "13:00:29.5531"
    },
    {
      "makerOrderId": "674717ed1adbea0007872562",
      "price": "0.00934",
      "sequence": "5742502008993793",
      "side": "sell",
      "size": "624",
      "symbol": "SUPRA-USDT",
      "takerOrderId": "674717ee33b8f300073885a1",
      "time": "1732712430058000000",
      "tradeId": "5742502008993793",
      "type": "match",
      "time_received": "13:00:30.1170"
    },
    {
      "makerOrderId": "674717ed5a55500007e54c3a",
      "price": "0.00934",
      "sequence": "5742502008993796",
      "side": "sell",
      "size": "261",
      "symbol": "SUPRA-USDT",
      "takerOrderId": "674717ee33b8f300073885a1",
      "time": "1732712430058000000",
      "tradeId": "5742502008993796",
      "type": "match",
      "time_received": "13:00:30.1171"
    },
    {
      "makerOrderId": "674717ec14a89200075ec1a8",
      "price": "0.009339",
      "sequence": "5742502008993799",
      "side": "sell",
      "size": "1008",
      "symbol": "SUPRA-USDT",
      "takerOrderId": "674717ee33b8f300073885a1",
      "time": "1732712430058000000",
      "tradeId": "5742502008993799",
      "type": "match",
      "time_received": "13:00:30.1172"
    },
    {
      "makerOrderId": "674717ec14a89200075ec1a8",
      "price": "0.009339",
      "sequence": "5742502012270593",
      "side": "sell",
      "size": "47483",
      "symbol": "SUPRA-USDT",
      "takerOrderId": "674717eedcdd7b0007ee3511",
      "time": "1732712430074000000",
      "tradeId": "5742502012270593",
      "type": "match",
      "time_received": "13:00:30.1393"
    },
    {
      "makerOrderId": "674717ec14a89200075ec1a8",
      "price": "0.009339",
      "sequence": "5742502014498817",
      "side": "sell",
      "size": "4385",
      "symbol": "SUPRA-USDT",
      "takerOrderId": "674717eef61fa0000740b886",
      "time": "1732712430083000000",
      "tradeId": "5742502014498817",
      "type": "match",
      "time_received": "13:00:30.1394"
    },
    {
      "makerOrderId": "674717ec14a89200075ec1a8",
      "price": "0.009339",
      "sequence": "5742502020003841",
      "side": "sell",
      "size": "9167",
      "symbol": "SUPRA-USDT",
      "takerOrderId": "674717eeb38d12000752018b",
      "time": "1732712430104000000",
      "tradeId": "5742502020003841",
      "type": "match",
      "time_received": "13:00:30.1565"
    },
    {
      "makerOrderId": "674717ec14a89200075ec1a8",
      "price": "0.009339",
      "sequence": "5742502043465729",
      "side": "sell",
      "size": "19940",
      "symbol": "SUPRA-USDT",
      "takerOrderId": "674717eeb6d508000787e716",
      "time": "1732712430179000000",
      "tradeId": "5742502043465729",
      "type": "match",
      "time_received": "13:00:30.2374"
    },
    {
      "makerOrderId": "674717ed812d400007c1911c",
      "price": "0.009438",
      "sequence": "5742502083442689",
      "side": "buy",
      "size": "8885",
      "symbol": "SUPRA-USDT",
      "takerOrderId": "674717ee725fc60007de5ce7",
      "time": "1732712430315000000",
      "tradeId": "5742502083442689",
      "type": "match",
      "time_received": "13:00:30.3619"
    },
    {
      "makerOrderId": "674717ec14a89200075ec1a8",
      "price": "0.009339",
      "sequence": "5742502123943937",
      "side": "sell",
      "size": "1620",
      "symbol": "SUPRA-USDT",
      "takerOrderId": "674717ee14a89200075eccc4",
      "time": "1732712430409000000",
      "tradeId": "5742502123943937",
      "type": "match",
      "time_received": "13:00:30.4523"
    },
    {
      "makerOrderId": "674717ec14a89200075ec1a8",
      "price": "0.009339",
      "sequence": "5742502134822913",
      "side": "sell",
      "size": "49792",
      "symbol": "SUPRA-USDT",
      "takerOrderId": "674717eef61fa0000740ba87",
      "time": "1732712430444000000",
      "tradeId": "5742502134822913",
      "type": "match",
      "time_received": "13:00:30.4871"
    },
    {
      "makerOrderId": "674717eef61fa0000740bb15",
      "price": "0.009397",
      "sequence": "5742502235486209",
      "side": "sell",
      "size": "690",
      "symbol": "SUPRA-USDT",
      "takerOrderId": "674717eef61fa0000740bc25",
      "time": "1732712430719000000",
      "tradeId": "5742502235486209",
      "type": "match",
      "time_received": "13:00:30.7671"
    },
    {
      "makerOrderId": "674717ee5e5d4c0007fa6713",
      "price": "0.009201",
      "sequence": "5742502261176321",
      "side": "sell",
      "size": "136",
      "symbol": "SUPRA-USDT",
      "takerOrderId": "674717ee439c100007b4c94e",
      "time": "1732712430787000000",
      "tradeId": "5742502261176321",
      "type": "match",
      "time_received": "13:00:30.8337"
    },
    {
      "makerOrderId": "674717d0754b1e00078dcb15",
      "price": "0.0092",
      "sequence": "5742502261176324",
      "side": "sell",
      "size": "12655",
      "symbol": "SUPRA-USDT",
      "takerOrderId": "674717ee439c100007b4c94e",
      "time": "1732712430787000000",
      "tradeId": "5742502261176324",
      "type": "match",
      "time_received": "13:00:30.8339"
    },
    {
      "makerOrderId": "674717eeeaedf5000772d356",
      "price": "0.009329",
      "sequence": "5742502355286017",
      "side": "sell",
      "size": "79365",
      "symbol": "SUPRA-USDT",
      "takerOrderId": "674717eeb38d1200075206cc",
      "time": "1732712431000000000",
      "tradeId": "5742502355286017",
      "type": "match",
      "time_received": "13:00:31.0467"
    },
    {
      "makerOrderId": "674717ef725fc60007de6184",
      "price": "0.009438",
      "sequence": "5742502424623105",
      "side": "buy",
      "size": "2199",
      "symbol": "SUPRA-USDT",
      "takerOrderId": "674717ef8b053b0007c1033e",
      "time": "1732712431226000000",
      "tradeId": "5742502424623105",
      "type": "match",
      "time_received": "13:00:31.2745"
    },
    {
      "makerOrderId": "674717ef9e4e4000079c06d2",
      "price": "0.009201",
      "sequence": "5742502430914561",
      "side": "sell",
      "size": "124",
      "symbol": "SUPRA-USDT",
      "takerOrderId": "674717efef434f00076ba5bb",
      "time": "1732712431244000000",
      "tradeId": "5742502430914561",
      "type": "match",
      "time_received": "13:00:31.2929"
    },
    {
      "makerOrderId": "674717d0754b1e00078dcb15",
      "price": "0.0092",
      "sequence": "5742502430914564",
      "side": "sell",
      "size": "32343",
      "symbol": "SUPRA-USDT",
      "takerOrderId": "674717efef434f00076ba5bb",
      "time": "1732712431244000000",
      "tradeId": "5742502430914564",
      "type": "match",
      "time_received": "13:00:31.2930"
    },
    {
      "makerOrderId": "674717d0754b1e00078dcb15",
      "price": "0.0092",
      "sequence": "5742502480984065",
      "side": "sell",
      "size": "14886",
      "symbol": "SUPRA-USDT",
      "takerOrderId": "674717efb6d508000787edec",
      "time": "1732712431389000000",
      "tradeId": "5742502480984065",
      "type": "match",
      "time_received": "13:00:31.4312"
    },
    {
      "makerOrderId": "674717f0a69a4c00072de46b",
      "price": "0.009322",
      "sequence": "5742503108556801",
      "side": "buy",
      "size": "120",
      "symbol": "SUPRA-USDT",
      "takerOrderId": "674717f0f61fa0000740cac1",
      "time": "1732712432869000000",
      "tradeId": "5742503108556801",
      "type": "match",
      "time_received": "13:00:32.9157"
    },
    {
      "makerOrderId": "674717f014a89200075edab4",
      "price": "0.009653",
      "sequence": "5742503108556804",
      "side": "buy",
      "size": "843",
      "symbol": "SUPRA-USDT",
      "takerOrderId": "674717f0f61fa0000740cac1",
      "time": "1732712432869000000",
      "tradeId": "5742503108556804",
      "type": "match",
      "time_received": "13:00:32.9158"
    },
    {
      "makerOrderId": "674717f05e5d4c0007fa74ac",
      "price": "0.009653",
      "sequence": "5742503108556807",
      "side": "buy",
      "size": "5326",
      "symbol": "SUPRA-USDT",
      "takerOrderId": "674717f0f61fa0000740cac1",
      "time": "1732712432869000000",
      "tradeId": "5742503108556807",
      "type": "match",
      "time_received": "13:00:32.9158"
    },
    {
      "makerOrderId": "674717f0b6d508000787f903",
      "price": "0.009654",
      "sequence": "5742503108556810",
      "side": "buy",
      "size": "1274",
      "symbol": "SUPRA-USDT",
      "takerOrderId": "674717f0f61fa0000740cac1",
      "time": "1732712432869000000",
      "tradeId": "5742503108556810",
      "type": "match",
      "time_received": "13:00:32.9158"
    },
    {
      "makerOrderId": "674717f0f61fa0000740cac1",
      "price": "0.01",
      "sequence": "5742503148271617",
      "side": "sell",
      "size": "352437",
      "symbol": "SUPRA-USDT",
      "takerOrderId": "674717f0ef434f00076bb18f",
      "time": "1732712432922000000",
      "tradeId": "5742503148271617",
      "type": "match",
      "time_received": "13:00:32.9672"
    },
    {
      "makerOrderId": "674717f08b053b0007c10f58",
      "price": "0.00936",
      "sequence": "5742503153383425",
      "side": "buy",
      "size": "80939",
      "symbol": "SUPRA-USDT",
      "takerOrderId": "674717f0f61fa0000740cb28",
      "time": "1732712432934000000",
      "tradeId": "5742503153383425",
      "type": "match",
      "time_received": "13:00:32.9779"
    },
    {
      "makerOrderId": "674717f114a89200075ee2ca",
      "price": "0.010001",
      "sequence": "5742503468611585",
      "side": "sell",
      "size": "179",
      "symbol": "SUPRA-USDT",
      "takerOrderId": "674717f18b053b0007c11500",
      "time": "1732712433836000000",
      "tradeId": "5742503468611585",
      "type": "match",
      "time_received": "13:00:33.8867"
    },
    {
      "makerOrderId": "674717f114a89200075ee2ca",
      "price": "0.010001",
      "sequence": "5742503511865345",
      "side": "sell",
      "size": "378",
      "symbol": "SUPRA-USDT",
      "takerOrderId": "674717f133b8f30007389e65",
      "time": "1732712433902000000",
      "tradeId": "5742503511865345",
      "type": "match",
      "time_received": "13:00:33.9500"
    },
    {
      "makerOrderId": "674717f11adbea0007873f4e",
      "price": "0.010001",
      "sequence": "5742503511865348",
      "side": "sell",
      "size": "1218",
      "symbol": "SUPRA-USDT",
      "takerOrderId": "674717f133b8f30007389e65",
      "time": "1732712433902000000",
      "tradeId": "5742503511865348",
      "type": "match",
      "time_received": "13:00:33.9501"
    },
    {
      "makerOrderId": "674717f1b6d508000787ff30",
      "price": "0.010001",
      "sequence": "5742503511865351",
      "side": "sell",
      "size": "1226",
      "symbol": "SUPRA-USDT",
      "takerOrderId": "674717f133b8f30007389e65",
      "time": "1732712433902000000",
      "tradeId": "5742503511865351",
      "type": "match",
      "time_received": "13:00:33.9501"
    },
    {
      "makerOrderId": "674717f1eaedf5000772e5bc",
      "price": "0.01",
      "sequence": "5742503511865354",
      "side": "sell",
      "size": "98574",
      "symbol": "SUPRA-USDT",
      "takerOrderId": "674717f133b8f30007389e65",
      "time": "1732712433902000000",
      "tradeId": "5742503511865354",
      "type": "match",
      "time_received": "13:00:33.9502"
    },
    {
      "makerOrderId": "674717f1f61fa0000740d1b4",
      "price": "0.009558",
      "sequence": "5742503532705793",
      "side": "buy",
      "size": "10395",
      "symbol": "SUPRA-USDT",
      "takerOrderId": "674717f1e21c740007691ddc",
      "time": "1732712433960000000",
      "tradeId": "5742503532705793",
      "type": "match",
      "time_received": "13:00:34.0071"
    },
    {
      "makerOrderId": "674717ec812d400007c18641",
      "price": "0.010197",
      "sequence": "5742503745566721",
      "side": "buy",
      "size": "1957",
      "symbol": "SUPRA-USDT",
      "takerOrderId": "674717f25e5d4c0007fa8243",
      "time": "1732712434525000000",
      "tradeId": "5742503745566721",
      "type": "match",
      "time_received": "13:00:34.5750"
    },
    {
      "makerOrderId": "674717f2633e910007610462",
      "price": "0.0121",
      "sequence": "5742503880833025",
      "side": "buy",
      "size": "16344",
      "symbol": "SUPRA-USDT",
      "takerOrderId": "674717f2eaedf5000772ef73",
      "time": "1732712434758000000",
      "tradeId": "5742503880833025",
      "type": "match",
      "time_received": "13:00:34.8054"
    },
    {
      "makerOrderId": "674717f29e4e4000079c1e81",
      "price": "0.012101",
      "sequence": "5742503880833028",
      "side": "buy",
      "size": "3228",
      "symbol": "SUPRA-USDT",
      "takerOrderId": "674717f2eaedf5000772ef73",
      "time": "1732712434758000000",
      "tradeId": "5742503880833028",
      "type": "match",
      "time_received": "13:00:34.8055"
    },
    {
      "makerOrderId": "674717f2eaedf5000772ec1c",
      "price": "0.012101",
      "sequence": "5742503880833031",
      "side": "buy",
      "size": "1226",
      "symbol": "SUPRA-USDT",
      "takerOrderId": "674717f2eaedf5000772ef73",
      "time": "1732712434758000000",
      "tradeId": "5742503880833031",
      "type": "match",
      "time_received": "13:00:34.8055"
    },
    {
      "makerOrderId": "674717f233b8f3000738a2f6",
      "price": "0.012101",
      "sequence": "5742503880833034",
      "side": "buy",
      "size": "1218",
      "symbol": "SUPRA-USDT",
      "takerOrderId": "674717f2eaedf5000772ef73",
      "time": "1732712434758000000",
      "tradeId": "5742503880833034",
      "type": "match",
      "time_received": "13:00:34.8056"
    },
    {
      "makerOrderId": "674717f2eaedf5000772ef73",
      "price": "0.01235",
      "sequence": "5742503987132417",
      "side": "sell",
      "size": "58955",
      "symbol": "SUPRA-USDT",
      "takerOrderId": "674717f2f61fa0000740dbb7",
      "time": "1732712434902000000",
      "tradeId": "5742503987132417",
      "type": "match",
      "time_received": "13:00:34.9501"
    },
    {
      "makerOrderId": "674717f2725fc60007de7df2",
      "price": "0.011763",
      "sequence": "5742503987132420",
      "side": "sell",
      "size": "1205",
      "symbol": "SUPRA-USDT",
      "takerOrderId": "674717f2f61fa0000740dbb7",
      "time": "1732712434902000000",
      "tradeId": "5742503987132420",
      "type": "match",
      "time_received": "13:00:34.9502"
    },
    {
      "makerOrderId": "674717f2f61fa0000740db91",
      "price": "0.011763",
      "sequence": "5742503987132423",
      "side": "sell",
      "size": "1214",
      "symbol": "SUPRA-USDT",
      "takerOrderId": "674717f2f61fa0000740dbb7",
      "time": "1732712434902000000",
      "tradeId": "5742503987132423",
      "type": "match",
      "time_received": "13:00:34.9504"
    },
    {
      "makerOrderId": "674717f25e5d4c0007fa8243",
      "price": "0.011762",
      "sequence": "5742503987132426",
      "side": "sell",
      "size": "1394",
      "symbol": "SUPRA-USDT",
      "takerOrderId": "674717f2f61fa0000740dbb7",
      "time": "1732712434902000000",
      "tradeId": "5742503987132426",
      "type": "match",
      "time_received": "13:00:34.9504"
    },
    {
      "makerOrderId": "674717f2dcdd7b0007ee5820",
      "price": "0.010121",
      "sequence": "5742503987263489",
      "side": "sell",
      "size": "3191",
      "symbol": "SUPRA-USDT",
      "takerOrderId": "674717f21adbea0007874a15",
      "time": "1732712434902000000",
      "tradeId": "5742503987263489",
      "type": "match",
      "time_received": "13:00:34.9504"
    },
    {
      "makerOrderId": "674717f214a89200075eeb09",
      "price": "0.01012",
      "sequence": "5742503987263492",
      "side": "sell",
      "size": "69169",
      "symbol": "SUPRA-USDT",
      "takerOrderId": "674717f21adbea0007874a15",
      "time": "1732712434902000000",
      "tradeId": "5742503987263492",
      "type": "match",
      "time_received": "13:00:34.9506"
    },
    {
      "makerOrderId": "674717f2812d400007c1b003",
      "price": "0.010055",
      "sequence": "5742503987263495",
      "side": "sell",
      "size": "2049",
      "symbol": "SUPRA-USDT",
      "takerOrderId": "674717f21adbea0007874a15",
      "time": "1732712434902000000",
      "tradeId": "5742503987263495",
      "type": "match",
      "time_received": "13:00:34.9507"
    },
    {
      "makerOrderId": "674717f2b6d5080007880431",
      "price": "0.00975",
      "sequence": "5742503987263498",
      "side": "sell",
      "size": "10256",
      "symbol": "SUPRA-USDT",
      "takerOrderId": "674717f21adbea0007874a15",
      "time": "1732712434902000000",
      "tradeId": "5742503987263498",
      "type": "match",
      "time_received": "13:00:34.9508"
    },
    {
      "makerOrderId": "674717f233b8f3000738a51a",
      "price": "0.00962",
      "sequence": "5742503987263501",
      "side": "sell",
      "size": "10395",
      "symbol": "SUPRA-USDT",
      "takerOrderId": "674717f21adbea0007874a15",
      "time": "1732712434902000000",
      "tradeId": "5742503987263501",
      "type": "match",
      "time_received": "13:00:34.9508"
    },
    {
      "makerOrderId": "674717f2439c100007b4e6e5",
      "price": "0.00949",
      "sequence": "5742503987263504",
      "side": "sell",
      "size": "10537",
      "symbol": "SUPRA-USDT",
      "takerOrderId": "674717f21adbea0007874a15",
      "time": "1732712434902000000",
      "tradeId": "5742503987263504",
      "type": "match",
      "time_received": "13:00:34.9509"
    },
    {
      "makerOrderId": "674717f2ef434f00076bc1f4",
      "price": "0.009306",
      "sequence": "5742504012167169",
      "side": "buy",
      "size": "10537",
      "symbol": "SUPRA-USDT",
      "takerOrderId": "674717f2439c100007b4e869",
      "time": "1732712434945000000",
      "tradeId": "5742504012167169",
      "type": "match",
      "time_received": "13:00:34.9884"
    },
    {
      "makerOrderId": "674717f2754b1e00078ed67b",
      "price": "0.009374",
      "sequence": "5742504057124865",
      "side": "buy",
      "size": "2078",
      "symbol": "SUPRA-USDT",
      "takerOrderId": "674717f3a69a4c00072dfb72",
      "time": "1732712435022000000",
      "tradeId": "5742504057124865",
      "type": "match",
      "time_received": "13:00:35.0712"
    },
    {
      "makerOrderId": "674717f333b8f3000738a9ce",
      "price": "0.009306",
      "sequence": "5742504083470337",
      "side": "buy",
      "size": "522",
      "symbol": "SUPRA-USDT",
      "takerOrderId": "674717f3754b1e00078ed734",
      "time": "1732712435074000000",
      "tradeId": "5742504083470337",
      "type": "match",
      "time_received": "13:00:35.1445"
    },
    {
      "makerOrderId": "674717f333b8f3000738a9ce",
      "price": "0.009306",
      "sequence": "5742504085567489",
      "side": "buy",
      "size": "683",
      "symbol": "SUPRA-USDT",
      "takerOrderId": "674717f314a89200075eef69",
      "time": "1732712435078000000",
      "tradeId": "5742504085567489",
      "type": "match",
      "time_received": "13:00:35.1445"
    },
    {
      "makerOrderId": "674717f35e5d4c0007fa88fb",
      "price": "0.009306",
      "sequence": "5742504085567492",
      "side": "buy",
      "size": "1214",
      "symbol": "SUPRA-USDT",
      "takerOrderId": "674717f314a89200075eef69",
      "time": "1732712435078000000",
      "tradeId": "5742504085567492",
      "type": "match",
      "time_received": "13:00:35.1446"
    },
    {
      "makerOrderId": "674717f2754b1e00078ed67b",
      "price": "0.009374",
      "sequence": "5742504085567495",
      "side": "buy",
      "size": "1113",
      "symbol": "SUPRA-USDT",
      "takerOrderId": "674717f314a89200075eef69",
      "time": "1732712435078000000",
      "tradeId": "5742504085567495",
      "type": "match",
      "time_received": "13:00:35.1446"
    },
    {
      "makerOrderId": "674717f3812d400007c1b836",
      "price": "0.009491",
      "sequence": "5742504225290241",
      "side": "sell",
      "size": "182",
      "symbol": "SUPRA-USDT",
      "takerOrderId": "674717f3ef434f00076bc64d",
      "time": "1732712435404000000",
      "tradeId": "5742504225290241",
      "type": "match",
      "time_received": "13:00:35.4466"
    },
    {
      "makerOrderId": "674717f35a55500007e572fe",
      "price": "0.009733",
      "sequence": "5742504321890305",
      "side": "buy",
      "size": "2049",
      "symbol": "SUPRA-USDT",
      "takerOrderId": "674717f3812d400007c1ba57",
      "time": "1732712435657000000",
      "tradeId": "5742504321890305",
      "type": "match",
      "time_received": "13:00:35.7025"
    },
    {
      "makerOrderId": "674717f3dcdd7b0007ee6122",
      "price": "0.01",
      "sequence": "5742504490186753",
      "side": "sell",
      "size": "299",
      "symbol": "SUPRA-USDT",
      "takerOrderId": "674717f3812d400007c1bde5",
      "time": "1732712435930000000",
      "tradeId": "5742504490186753",
      "type": "match",
      "time_received": "13:00:35.9799"
    },
    {
      "makerOrderId": "674717f38b053b0007c1280d",
      "price": "0.009494",
      "sequence": "5742504490186756",
      "side": "sell",
      "size": "10532",
      "symbol": "SUPRA-USDT",
      "takerOrderId": "674717f3812d400007c1bde5",
      "time": "1732712435930000000",
      "tradeId": "5742504490186756",
      "type": "match",
      "time_received": "13:00:35.9801"
    },
    {
      "makerOrderId": "674717f3dcdd7b0007ee5f26",
      "price": "0.009493",
      "sequence": "5742504490186759",
      "side": "sell",
      "size": "2661",
      "symbol": "SUPRA-USDT",
      "takerOrderId": "674717f3812d400007c1bde5",
      "time": "1732712435930000000",
      "tradeId": "5742504490186759",
      "type": "match",
      "time_received": "13:00:35.9802"
    },
    {
      "makerOrderId": "674717f3812d400007c1b836",
      "price": "0.009491",
      "sequence": "5742504490186762",
      "side": "sell",
      "size": "1067",
      "symbol": "SUPRA-USDT",
      "takerOrderId": "674717f3812d400007c1bde5",
      "time": "1732712435930000000",
      "tradeId": "5742504490186762",
      "type": "match",
      "time_received": "13:00:35.9802"
    },
    {
      "makerOrderId": "674717f3812d400007c1b827",
      "price": "0.009491",
      "sequence": "5742504490186765",
      "side": "sell",
      "size": "1240",
      "symbol": "SUPRA-USDT",
      "takerOrderId": "674717f3812d400007c1bde5",
      "time": "1732712435930000000",
      "tradeId": "5742504490186765",
      "type": "match",
      "time_received": "13:00:35.9802"
    },
    {
      "makerOrderId": "674717f3b26bfb0007b3331f",
      "price": "0.009491",
      "sequence": "5742504490186768",
      "side": "sell",
      "size": "3191",
      "symbol": "SUPRA-USDT",
      "takerOrderId": "674717f3812d400007c1bde5",
      "time": "1732712435930000000",
      "tradeId": "5742504490186768",
      "type": "match",
      "time_received": "13:00:35.9803"
    },
    {
      "makerOrderId": "674717f314a89200075eef69",
      "price": "0.00949",
      "sequence": "5742504490186771",
      "side": "sell",
      "size": "7527",
      "symbol": "SUPRA-USDT",
      "takerOrderId": "674717f3812d400007c1bde5",
      "time": "1732712435930000000",
      "tradeId": "5742504490186771",
      "type": "match",
      "time_received": "13:00:35.9803"
    },
    {
      "makerOrderId": "674717f31adbea000787537a",
      "price": "0.009256",
      "sequence": "5742504498313217",
      "side": "buy",
      "size": "100",
      "symbol": "SUPRA-USDT",
      "takerOrderId": "674717f32033a500074fec5a",
      "time": "1732712435945000000",
      "tradeId": "5742504498313217",
      "type": "match",
      "time_received": "13:00:35.9911"
    },
    {
      "makerOrderId": "674717f31adbea000787537a",
      "price": "0.009256",
      "sequence": "5742504504997889",
      "side": "buy",
      "size": "2163",
      "symbol": "SUPRA-USDT",
      "takerOrderId": "674717f333b8f3000738b1ca",
      "time": "1732712435959000000",
      "tradeId": "5742504504997889",
      "type": "match",
      "time_received": "13:00:36.0007"
    },
    {
      "makerOrderId": "674717f31adbea000787537a",
      "price": "0.009256",
      "sequence": "5742504507226113",
      "side": "buy",
      "size": "2604",
      "symbol": "SUPRA-USDT",
      "takerOrderId": "674717f35a55500007e57a75",
      "time": "1732712435965000000",
      "tradeId": "5742504507226113",
      "type": "match",
      "time_received": "13:00:36.0111"
    },
    {
      "makerOrderId": "674717f31adbea000787537a",
      "price": "0.009256",
      "sequence": "5742504526493697",
      "side": "buy",
      "size": "551",
      "symbol": "SUPRA-USDT",
      "takerOrderId": "674717f3b26bfb0007b33854",
      "time": "1732712436011000000",
      "tradeId": "5742504526493697",
      "type": "match",
      "time_received": "13:00:36.0573"
    },
    {
      "makerOrderId": "674717f31adbea000787537a",
      "price": "0.009256",
      "sequence": "5742504532391937",
      "side": "buy",
      "size": "7446",
      "symbol": "SUPRA-USDT",
      "takerOrderId": "674717f4633e9100076105b1",
      "time": "1732712436021000000",
      "tradeId": "5742504532391937",
      "type": "match",
      "time_received": "13:00:36.0694"
    },
    {
      "makerOrderId": "674717f4b38d120007522f31",
      "price": "0.009256",
      "sequence": "5742504628205569",
      "side": "buy",
      "size": "1240",
      "symbol": "SUPRA-USDT",
      "takerOrderId": "674717f4dcdd7b0007ee643f",
      "time": "1732712436218000000",
      "tradeId": "5742504628205569",
      "type": "match",
      "time_received": "13:00:36.2652"
    },
    {
      "makerOrderId": "674717f42033a500074fedbd",
      "price": "0.009375",
      "sequence": "5742504628205572",
      "side": "buy",
      "size": "3191",
      "symbol": "SUPRA-USDT",
      "takerOrderId": "674717f4dcdd7b0007ee643f",
      "time": "1732712436218000000",
      "tradeId": "5742504628205572",
      "type": "match",
      "time_received": "13:00:36.2654"
    },
    {
      "makerOrderId": "674717f414a89200075ef828",
      "price": "0.009904",
      "sequence": "5742504779462657",
      "side": "buy",
      "size": "1081",
      "symbol": "SUPRA-USDT",
      "takerOrderId": "674717f4b26bfb0007b33d92",
      "time": "1732712436557000000",
      "tradeId": "5742504779462657",
      "type": "match",
      "time_received": "13:00:36.6055"
    },
    {
      "makerOrderId": "674717f4b38d120007522ef5",
      "price": "0.009904",
      "sequence": "5742504779462660",
      "side": "buy",
      "size": "1082",
      "symbol": "SUPRA-USDT",
      "takerOrderId": "674717f4b26bfb0007b33d92",
      "time": "1732712436557000000",
      "tradeId": "5742504779462660",
      "type": "match",
      "time_received": "13:00:36.6056"
    },
    {
      "makerOrderId": "674717f42033a500074ff457",
      "price": "0.01",
      "sequence": "5742504928229377",
      "side": "sell",
      "size": "20000",
      "symbol": "SUPRA-USDT",
      "takerOrderId": "674717f45e5d4c0007fa98ed",
      "time": "1732712436901000000",
      "tradeId": "5742504928229377",
      "type": "match",
      "time_received": "13:00:36.9487"
    },
    {
      "makerOrderId": "674717f42033a500074ff323",
      "price": "0.009941",
      "sequence": "5742504928229380",
      "side": "sell",
      "size": "1157",
      "symbol": "SUPRA-USDT",
      "takerOrderId": "674717f45e5d4c0007fa98ed",
      "time": "1732712436901000000",
      "tradeId": "5742504928229380",
      "type": "match",
      "time_received": "13:00:36.9488"
    },
    {
      "makerOrderId": "674717f4b26bfb0007b33d92",
      "price": "0.00994",
      "sequence": "5742504928229383",
      "side": "sell",
      "size": "5885",
      "symbol": "SUPRA-USDT",
      "takerOrderId": "674717f45e5d4c0007fa98ed",
      "time": "1732712436901000000",
      "tradeId": "5742504928229383",
      "type": "match",
      "time_received": "13:00:36.9488"
    },
    {
      "makerOrderId": "674717f42033a500074ff288",
      "price": "0.009714",
      "sequence": "5742504928229386",
      "side": "sell",
      "size": "2121",
      "symbol": "SUPRA-USDT",
      "takerOrderId": "674717f45e5d4c0007fa98ed",
      "time": "1732712436901000000",
      "tradeId": "5742504928229386",
      "type": "match",
      "time_received": "13:00:36.9488"
    },
    {
      "makerOrderId": "674717f4ba86a000074e5521",
      "price": "0.0097",
      "sequence": "5742504928229389",
      "side": "sell",
      "size": "7216",
      "symbol": "SUPRA-USDT",
      "takerOrderId": "674717f45e5d4c0007fa98ed",
      "time": "1732712436901000000",
      "tradeId": "5742504928229389",
      "type": "match",
      "time_received": "13:00:36.9488"
    },
    {
      "makerOrderId": "674717f4dcdd7b0007ee643f",
      "price": "0.00966",
      "sequence": "5742504929146881",
      "side": "sell",
      "size": "3850",
      "symbol": "SUPRA-USDT",
      "takerOrderId": "674717f4439c100007b4f912",
      "time": "1732712436901000000",
      "tradeId": "5742504929146881",
      "type": "match",
      "time_received": "13:00:36.9489"
    },
    {
      "makerOrderId": "674717f45a55500007e5825a",
      "price": "0.009747",
      "sequence": "5742504955361281",
      "side": "buy",
      "size": "5000",
      "symbol": "SUPRA-USDT",
      "takerOrderId": "674717f41adbea0007875bda",
      "time": "1732712436976000000",
      "tradeId": "5742504955361281",
      "type": "match",
      "time_received": "13:00:37.0213"
    },
    {
      "makerOrderId": "674717f414a89200075eff4e",
      "price": "0.009594",
      "sequence": "5742504990881793",
      "side": "buy",
      "size": "1157",
      "symbol": "SUPRA-USDT",
      "takerOrderId": "674717f533b8f3000738b9fe",
      "time": "1732712437059000000",
      "tradeId": "5742504990881793",
      "type": "match",
      "time_received": "13:00:37.1063"
    },
    {
      "makerOrderId": "674717f55a55500007e58357",
      "price": "0.009595",
      "sequence": "5742504990881796",
      "side": "buy",
      "size": "1249",
      "symbol": "SUPRA-USDT",
      "takerOrderId": "674717f533b8f3000738b9fe",
      "time": "1732712437059000000",
      "tradeId": "5742504990881796",
      "type": "match",
      "time_received": "13:00:37.1064"
    },
    {
      "makerOrderId": "674717f4f61fa0000740ed5a",
      "price": "0.00963",
      "sequence": "5742504990881799",
      "side": "buy",
      "size": "201",
      "symbol": "SUPRA-USDT",
      "takerOrderId": "674717f533b8f3000738b9fe",
      "time": "1732712437059000000",
      "tradeId": "5742504990881799",
      "type": "match",
      "time_received": "13:00:37.1064"
    },
    {
      "makerOrderId": "674717f5ef434f00076bd82e",
      "price": "0.009592",
      "sequence": "5742505781901313",
      "side": "buy",
      "size": "534",
      "symbol": "SUPRA-USDT",
      "takerOrderId": "674717f7dcdd7b0007ee75ea",
      "time": "1732712439147000000",
      "tradeId": "5742505781901313",
      "type": "match",
      "time_received": "13:00:39.1914"
    },
    {
      "makerOrderId": "674717f7f61fa0000740fdc8",
      "price": "0.009632",
      "sequence": "5742506257692673",
      "side": "buy",
      "size": "2661",
      "symbol": "SUPRA-USDT",
      "takerOrderId": "674717f8754b1e00078ef9cf",
      "time": "1732712440420000000",
      "tradeId": "5742506257692673",
      "type": "match",
      "time_received": "13:00:40.4736"
    },
    {
      "makerOrderId": "674717f7dcdd7b0007ee75cd",
      "price": "0.009699",
      "sequence": "5742506257692676",
      "side": "buy",
      "size": "12288",
      "symbol": "SUPRA-USDT",
      "takerOrderId": "674717f8754b1e00078ef9cf",
      "time": "1732712440420000000",
      "tradeId": "5742506257692676",
      "type": "match",
      "time_received": "13:00:40.4737"
    },
    {
      "makerOrderId": "674717f6f61fa0000740f430",
      "price": "0.0097",
      "sequence": "5742506323490817",
      "side": "buy",
      "size": "900",
      "symbol": "SUPRA-USDT",
      "takerOrderId": "674717f8dcdd7b0007ee7d04",
      "time": "1732712440585000000",
      "tradeId": "5742506323490817",
      "type": "match",
      "time_received": "13:00:40.6328"
    },
    {
      "makerOrderId": "674717f7dcdd7b0007ee75ea",
      "price": "0.00963",
      "sequence": "5742506446829569",
      "side": "sell",
      "size": "268",
      "symbol": "SUPRA-USDT",
      "takerOrderId": "674717f89e4e4000079c4abb",
      "time": "1732712440906000000",
      "tradeId": "5742506446829569",
      "type": "match",
      "time_received": "13:00:40.9525"
    },
    {
      "makerOrderId": "674717f7dcdd7b0007ee75ea",
      "price": "0.00963",
      "sequence": "5742506528487425",
      "side": "sell",
      "size": "1704",
      "symbol": "SUPRA-USDT",
      "takerOrderId": "674717f95a55500007e59940",
      "time": "1732712441174000000",
      "tradeId": "5742506528487425",
      "type": "match",
      "time_received": "13:00:41.2188"
    },
    {
      "makerOrderId": "674717f7dcdd7b0007ee75ea",
      "price": "0.00963",
      "sequence": "5742506765858817",
      "side": "sell",
      "size": "89",
      "symbol": "SUPRA-USDT",
      "takerOrderId": "674717f9439c100007b514e9",
      "time": "1732712441582000000",
      "tradeId": "5742506765858817",
      "type": "match",
      "time_received": "13:00:41.6250"
    },
    {
      "makerOrderId": "674717f9812d400007c1e168",
      "price": "0.009583",
      "sequence": "5742506799151105",
      "side": "buy",
      "size": "1336",
      "symbol": "SUPRA-USDT",
      "takerOrderId": "674717f9439c100007b51564",
      "time": "1732712441682000000",
      "tradeId": "5742506799151105",
      "type": "match",
      "time_received": "13:00:41.7292"
    },
    {
      "makerOrderId": "674717f92033a5000750118b",
      "price": "0.009629",
      "sequence": "5742507057231873",
      "side": "buy",
      "size": "359",
      "symbol": "SUPRA-USDT",
      "takerOrderId": "674717fab26bfb0007b35fbb",
      "time": "1732712442332000000",
      "tradeId": "5742507057231873",
      "type": "match",
      "time_received": "13:00:42.3784"
    },
    {
      "makerOrderId": "674717f8754b1e00078efbc4",
      "price": "0.009522",
      "sequence": "5742507111757825",
      "side": "sell",
      "size": "1165",
      "symbol": "SUPRA-USDT",
      "takerOrderId": "674717faba86a000074e5885",
      "time": "1732712442487000000",
      "tradeId": "5742507111757825",
      "type": "match",
      "time_received": "13:00:42.5338"
    },
    {
      "makerOrderId": "674717faba86a000074e5885",
      "price": "0.0095",
      "sequence": "5742507135481857",
      "side": "buy",
      "size": "13497",
      "symbol": "SUPRA-USDT",
      "takerOrderId": "674717fadcdd7b0007ee8ace",
      "time": "1732712442572000000",
      "tradeId": "5742507135481857",
      "type": "match",
      "time_received": "13:00:42.6164"
    },
    {
      "makerOrderId": "674717faa69a4c00072e2cd7",
      "price": "0.009522",
      "sequence": "5742507200493569",
      "side": "buy",
      "size": "1086",
      "symbol": "SUPRA-USDT",
      "takerOrderId": "674717fa9e4e4000079c57b9",
      "time": "1732712442821000000",
      "tradeId": "5742507200493569",
      "type": "match",
      "time_received": "13:00:42.8697"
    },
    {
      "makerOrderId": "674717faa69a4c00072e2cd7",
      "price": "0.009522",
      "sequence": "5742507300763649",
      "side": "buy",
      "size": "1035",
      "symbol": "SUPRA-USDT",
      "takerOrderId": "674717fbdcdd7b0007ee8dd7",
      "time": "1732712443032000000",
      "tradeId": "5742507300763649",
      "type": "match",
      "time_received": "13:00:43.0794"
    },
    {
      "makerOrderId": "674717fab38d120007525763",
      "price": "0.009626",
      "sequence": "5742507300763652",
      "side": "buy",
      "size": "134",
      "symbol": "SUPRA-USDT",
      "takerOrderId": "674717fbdcdd7b0007ee8dd7",
      "time": "1732712443032000000",
      "tradeId": "5742507300763652",
      "type": "match",
      "time_received": "13:00:43.0795"
    },
    {
      "makerOrderId": "674717f92033a5000750118b",
      "price": "0.009629",
      "sequence": "5742507300763655",
      "side": "buy",
      "size": "40110",
      "symbol": "SUPRA-USDT",
      "takerOrderId": "674717fbdcdd7b0007ee8dd7",
      "time": "1732712443032000000",
      "tradeId": "5742507300763655",
      "type": "match",
      "time_received": "13:00:43.0795"
    },
    {
      "makerOrderId": "674717fc14a89200075f295d",
      "price": "0.009483",
      "sequence": "5742507735529473",
      "side": "sell",
      "size": "100",
      "symbol": "SUPRA-USDT",
      "takerOrderId": "674717fc1adbea0007878739",
      "time": "1732712444385000000",
      "tradeId": "5742507735529473",
      "type": "match",
      "time_received": "13:00:44.4299"
    },
    {
      "makerOrderId": "674717fbdcdd7b0007ee918b",
      "price": "0.009482",
      "sequence": "5742507735529476",
      "side": "sell",
      "size": "566",
      "symbol": "SUPRA-USDT",
      "takerOrderId": "674717fc1adbea0007878739",
      "time": "1732712444385000000",
      "tradeId": "5742507735529476",
      "type": "match",
      "time_received": "13:00:44.4301"
    },
    {
      "makerOrderId": "674717fc812d400007c1ef95",
      "price": "0.009618",
      "sequence": "5742507971983361",
      "side": "buy",
      "size": "137",
      "symbol": "SUPRA-USDT",
      "takerOrderId": "674717fdb6d50800078849ec",
      "time": "1732712445051000000",
      "tradeId": "5742507971983361",
      "type": "match",
      "time_received": "13:00:45.1057"
    },
    {
      "makerOrderId": "674717fdb38d120007526692",
      "price": "0.00966",
      "sequence": "5742508257982465",
      "side": "buy",
      "size": "100",
      "symbol": "SUPRA-USDT",
      "takerOrderId": "674717fd725fc60007dec41c",
      "time": "1732712445597000000",
      "tradeId": "5742508257982465",
      "type": "match",
      "time_received": "13:00:45.6377"
    },
    {
      "makerOrderId": "674717fd8b053b0007c15fc4",
      "price": "0.009661",
      "sequence": "5742508257982468",
      "side": "buy",
      "size": "5246",
      "symbol": "SUPRA-USDT",
      "takerOrderId": "674717fd725fc60007dec41c",
      "time": "1732712445597000000",
      "tradeId": "5742508257982468",
      "type": "match",
      "time_received": "13:00:45.6431"
    },
    {
      "makerOrderId": "674717fd5a55500007e5b81b",
      "price": "0.009851",
      "sequence": "5742508386826241",
      "side": "sell",
      "size": "1131",
      "symbol": "SUPRA-USDT",
      "takerOrderId": "674717fdb26bfb0007b37695",
      "time": "1732712445912000000",
      "tradeId": "5742508386826241",
      "type": "match",
      "time_received": "13:00:45.9802"
    },
    {
      "makerOrderId": "674717fdb6d5080007885121",
      "price": "0.009851",
      "sequence": "5742508386826244",
      "side": "sell",
      "size": "1210",
      "symbol": "SUPRA-USDT",
      "takerOrderId": "674717fdb26bfb0007b37695",
      "time": "1732712445912000000",
      "tradeId": "5742508386826244",
      "type": "match",
      "time_received": "13:00:45.9804"
    },
    {
      "makerOrderId": "674717fd754b1e00078f1d1d",
      "price": "0.009851",
      "sequence": "5742508386826247",
      "side": "sell",
      "size": "3035",
      "symbol": "SUPRA-USDT",
      "takerOrderId": "674717fdb26bfb0007b37695",
      "time": "1732712445912000000",
      "tradeId": "5742508386826247",
      "type": "match",
      "time_received": "13:00:45.9804"
    },
    {
      "makerOrderId": "674717fd725fc60007dec41c",
      "price": "0.00985",
      "sequence": "5742508386826250",
      "side": "sell",
      "size": "45415",
      "symbol": "SUPRA-USDT",
      "takerOrderId": "674717fdb26bfb0007b37695",
      "time": "1732712445912000000",
      "tradeId": "5742508386826250",
      "type": "match",
      "time_received": "13:00:45.9805"
    },
    {
      "makerOrderId": "674717fd754b1e00078f1cd2",
      "price": "0.009592",
      "sequence": "5742508387219457",
      "side": "sell",
      "size": "2746",
      "symbol": "SUPRA-USDT",
      "takerOrderId": "674717fdb6d50800078851ce",
      "time": "1732712445912000000",
      "tradeId": "5742508387219457",
      "type": "match",
      "time_received": "13:00:45.9805"
    },
    {
      "makerOrderId": "674717fdb6d50800078851ce",
      "price": "0.009587",
      "sequence": "5742508403603457",
      "side": "buy",
      "size": "602",
      "symbol": "SUPRA-USDT",
      "takerOrderId": "674717fdb6d5080007885207",
      "time": "1732712445951000000",
      "tradeId": "5742508403603457",
      "type": "match",
      "time_received": "13:00:45.9997"
    },
    {
      "makerOrderId": "674717fd5a55500007e5b7ce",
      "price": "0.009506",
      "sequence": "5742508418938881",
      "side": "sell",
      "size": "2167",
      "symbol": "SUPRA-USDT",
      "takerOrderId": "674717fd8b053b0007c167d4",
      "time": "1732712445993000000",
      "tradeId": "5742508418938881",
      "type": "match",
      "time_received": "13:00:46.0392"
    },
    {
      "makerOrderId": "674717fe8b053b0007c16852",
      "price": "0.009491",
      "sequence": "5742508451706881",
      "side": "buy",
      "size": "1210",
      "symbol": "SUPRA-USDT",
      "takerOrderId": "674717fe812d400007c1fccc",
      "time": "1732712446077000000",
      "tradeId": "5742508451706881",
      "type": "match",
      "time_received": "13:00:46.1240"
    },
    {
      "makerOrderId": "674717fea69a4c00072e42c3",
      "price": "0.009491",
      "sequence": "5742508451706884",
      "side": "buy",
      "size": "1131",
      "symbol": "SUPRA-USDT",
      "takerOrderId": "674717fe812d400007c1fccc",
      "time": "1732712446077000000",
      "tradeId": "5742508451706884",
      "type": "match",
      "time_received": "13:00:46.1242"
    },
    {
      "makerOrderId": "674717fef61fa00007412446",
      "price": "0.00978",
      "sequence": "5742508451706887",
      "side": "buy",
      "size": "250",
      "symbol": "SUPRA-USDT",
      "takerOrderId": "674717fe812d400007c1fccc",
      "time": "1732712446077000000",
