{
  "metadata": {
    "symbol": "MGT",
    "channel": "match",
    "start_time": "11:59:30.0000",
    "release_time": "12:00:00.0000",
    "end_time": "12:20:00.0000",
    "total_messages": 3739,
    "final_snapshot": {
      "time": "12:20:06.3490",
      "symbol": "MGT-USDT",
      "price_high": "0.087",
      "price_last": "0.057",
      "price_low": "0.035",
      "price_avg": null,
      "volValue_USDT": "221513.232853"
    }
  },
  "data": [
    {
      "price": "0.035",
      "sequence": "5774712662407169",
      "side": "sell",
      "size": "10",
      "symbol": "MGT-USDT",
      "time": "1732795200000000000",
      "tradeId": "5774712662407169",
      "type": "match",
      "time_received": "12:00:00.0770"
    },
    {
      "makerOrderId": "67483dbdb26bfb000792ee4b",
      "price": "0.035",
      "sequence": "5774712662407170",
      "side": "buy",
      "size": "272.4",
      "symbol": "MGT-USDT",
      "takerOrderId": "67485b401adbea00072318f1",
      "time": "1732795200024000000",
      "tradeId": "5774712662407170",
      "type": "match",
      "time_received": "12:00:00.0771"
    },
    {
      "makerOrderId": "67483dbdb38d120007323e21",
      "price": "0.03579",
      "sequence": "5774712662407173",
      "side": "buy",
      "size": "473.8",
      "symbol": "MGT-USDT",
      "takerOrderId": "67485b401adbea00072318f1",
      "time": "1732795200024000000",
      "tradeId": "5774712662407173",
      "type": "match",
      "time_received": "12:00:00.0775"
    },
    {
      "makerOrderId": "67483dbc439c10000794e877",
      "price": "0.03658",
      "sequence": "5774712662407176",
      "side": "buy",
      "size": "398.6",
      "symbol": "MGT-USDT",
      "takerOrderId": "67485b401adbea00072318f1",
      "time": "1732795200024000000",
      "tradeId": "5774712662407176",
      "type": "match",
      "time_received": "12:00:00.0776"
    },
    {
      "makerOrderId": "67483dbc754b1e00076ebe11",
      "price": "0.03737",
      "sequence": "5774712662407179",
      "side": "buy",
      "size": "348.8",
      "symbol": "MGT-USDT",
      "takerOrderId": "67485b401adbea00072318f1",
      "time": "1732795200024000000",
      "tradeId": "5774712662407179",
      "type": "match",
      "time_received": "12:00:00.0776"
    },
    {
      "makerOrderId": "67483dbca69a4c00070dd7de",
      "price": "0.03816",
      "sequence": "5774712662407182",
      "side": "buy",
      "size": "589.5",
      "symbol": "MGT-USDT",
      "takerOrderId": "67485b401adbea00072318f1",
      "time": "1732795200024000000",
      "tradeId": "5774712662407182",
      "type": "match",
      "time_received": "12:00:00.0777"
    },
    {
      "makerOrderId": "67483dbbef434f00074ba51c",
      "price": "0.03895",
      "sequence": "5774712663717889",
      "side": "buy",
      "size": "473.4",
      "symbol": "MGT-USDT",
      "takerOrderId": "67485b401adbea0007231955",
      "time": "1732795200030000000",
      "tradeId": "5774712663717889",
      "type": "match",
      "time_received": "12:00:00.0777"
    },
    {
      "makerOrderId": "67483dbb33b8f300071878af",
      "price": "0.03974",
      "sequence": "5774712663717892",
      "side": "buy",
      "size": "616.8",
      "symbol": "MGT-USDT",
      "takerOrderId": "67485b401adbea0007231955",
      "time": "1732795200030000000",
      "tradeId": "5774712663717892",
      "type": "match",
      "time_received": "12:00:00.0786"
    },
    {
      "makerOrderId": "67483dbb812d400007a191f3",
      "price": "0.04053",
      "sequence": "5774712663717895",
      "side": "buy",
      "size": "381.4",
      "symbol": "MGT-USDT",
      "takerOrderId": "67485b401adbea0007231955",
      "time": "1732795200030000000",
      "tradeId": "5774712663717895",
      "type": "match",
      "time_received": "12:00:00.0787"
    },
    {
      "makerOrderId": "67483dba5a55500007c5534f",
      "price": "0.04132",
      "sequence": "5774712663717898",
      "side": "buy",
      "size": "656.3",
      "symbol": "MGT-USDT",
      "takerOrderId": "67485b401adbea0007231955",
      "time": "1732795200030000000",
      "tradeId": "5774712663717898",
      "type": "match",
      "time_received": "12:00:00.0787"
    },
    {
      "makerOrderId": "67483dba9e4e4000077bdee1",
      "price": "0.04211",
      "sequence": "5774712663717901",
      "side": "buy",
      "size": "413",
      "symbol": "MGT-USDT",
      "takerOrderId": "67485b401adbea0007231955",
      "time": "1732795200030000000",
      "tradeId": "5774712663717901",
      "type": "match",
      "time_received": "12:00:00.1456"
    },
    {
      "makerOrderId": "67483dba439c10000794db09",
      "price": "0.04289",
      "sequence": "5774712664373249",
      "side": "buy",
      "size": "524.1",
      "symbol": "MGT-USDT",
      "takerOrderId": "67485b401adbea0007231983",
      "time": "1732795200033000000",
      "tradeId": "5774712664373249",
      "type": "match",
      "time_received": "12:00:00.1456"
    },
    {
      "makerOrderId": "67483db9f61fa0000720d411",
      "price": "0.04368",
      "sequence": "5774712664373252",
      "side": "buy",
      "size": "418.6",
      "symbol": "MGT-USDT",
      "takerOrderId": "67485b401adbea0007231983",
      "time": "1732795200033000000",
      "tradeId": "5774712664373252",
      "type": "match",
      "time_received": "12:00:00.1457"
    },
    {
      "makerOrderId": "67483db9ef434f00074b98b8",
      "price": "0.04447",
      "sequence": "5774712664373255",
      "side": "buy",
      "size": "482",
      "symbol": "MGT-USDT",
      "takerOrderId": "67485b401adbea0007231983",
      "time": "1732795200033000000",
      "tradeId": "5774712664373255",
      "type": "match",
      "time_received": "12:00:00.1457"
    },
    {
      "makerOrderId": "67483db95e5d4c0007da9a81",
      "price": "0.04526",
      "sequence": "5774712664373258",
      "side": "buy",
      "size": "425.2",
      "symbol": "MGT-USDT",
      "takerOrderId": "67485b401adbea0007231983",
      "time": "1732795200033000000",
      "tradeId": "5774712664373258",
      "type": "match",
      "time_received": "12:00:00.1458"
    },
    {
      "makerOrderId": "67483db88b053b0007a0fe35",
      "price": "0.04605",
      "sequence": "5774712664373261",
      "side": "buy",
      "size": "634.8",
      "symbol": "MGT-USDT",
      "takerOrderId": "67485b401adbea0007231983",
      "time": "1732795200033000000",
      "tradeId": "5774712664373261",
      "type": "match",
      "time_received": "12:00:00.1458"
    },
    {
      "makerOrderId": "67483db8b6d508000767b2b0",
      "price": "0.04684",
      "sequence": "5774712664373264",
      "side": "buy",
      "size": "519.7",
      "symbol": "MGT-USDT",
      "takerOrderId": "67485b401adbea0007231983",
      "time": "1732795200033000000",
      "tradeId": "5774712664373264",
      "type": "match",
      "time_received": "12:00:00.1459"
    },
    {
      "makerOrderId": "67483db8812d400007a17fb7",
      "price": "0.04763",
      "sequence": "5774712664766465",
      "side": "buy",
      "size": "725.2",
      "symbol": "MGT-USDT",
      "takerOrderId": "67485b401adbea0007231938",
      "time": "1732795200034000000",
      "tradeId": "5774712664766465",
      "type": "match",
      "time_received": "12:00:00.1459"
    },
    {
      "makerOrderId": "67483db714a89200073eee8b",
      "price": "0.04842",
      "sequence": "5774712664766468",
      "side": "buy",
      "size": "439.4",
      "symbol": "MGT-USDT",
      "takerOrderId": "67485b401adbea0007231938",
      "time": "1732795200034000000",
      "tradeId": "5774712664766468",
      "type": "match",
      "time_received": "12:00:00.1459"
    },
    {
      "makerOrderId": "67483db7ef434f00074b8c84",
      "price": "0.04921",
      "sequence": "5774712664766471",
      "side": "buy",
      "size": "658.5",
      "symbol": "MGT-USDT",
      "takerOrderId": "67485b401adbea0007231938",
      "time": "1732795200034000000",
      "tradeId": "5774712664766471",
      "type": "match",
      "time_received": "12:00:00.1460"
    },
    {
      "makerOrderId": "67483db7725fc60007be4149",
      "price": "0.05",
      "sequence": "5774712664766474",
      "side": "buy",
      "size": "547.5",
      "symbol": "MGT-USDT",
      "takerOrderId": "67485b401adbea0007231938",
      "time": "1732795200034000000",
      "tradeId": "5774712664766474",
      "type": "match",
      "time_received": "12:00:00.1460"
    },
    {
      "makerOrderId": "67483dcf8b053b0007a18447",
      "price": "0.05",
      "sequence": "5774712664766477",
      "side": "buy",
      "size": "589.2",
      "symbol": "MGT-USDT",
      "takerOrderId": "67485b401adbea0007231938",
      "time": "1732795200034000000",
      "tradeId": "5774712664766477",
      "type": "match",
      "time_received": "12:00:00.1461"
    },
    {
      "makerOrderId": "67483dcfb38d12000732a7b5",
      "price": "0.05053",
      "sequence": "5774712664766480",
      "side": "buy",
      "size": "706.3",
      "symbol": "MGT-USDT",
      "takerOrderId": "67485b401adbea0007231938",
      "time": "1732795200034000000",
      "tradeId": "5774712664766480",
      "type": "match",
      "time_received": "12:00:00.1461"
    },
    {
      "makerOrderId": "67483dceb38d12000732a273",
      "price": "0.05105",
      "sequence": "5774712664766483",
      "side": "buy",
      "size": "685.7",
      "symbol": "MGT-USDT",
      "takerOrderId": "67485b401adbea0007231938",
      "time": "1732795200034000000",
      "tradeId": "5774712664766483",
      "type": "match",
      "time_received": "12:00:00.1461"
    },
    {
      "makerOrderId": "67483dceef434f00074c13b3",
      "price": "0.05158",
      "sequence": "5774712664766486",
      "side": "buy",
      "size": "688.5",
      "symbol": "MGT-USDT",
      "takerOrderId": "67485b401adbea0007231938",
      "time": "1732795200034000000",
      "tradeId": "5774712664766486",
      "type": "match",
      "time_received": "12:00:00.1462"
    },
    {
      "makerOrderId": "67483dce14a89200073f7595",
      "price": "0.05211",
      "sequence": "5774712664766489",
      "side": "buy",
      "size": "725.8",
      "symbol": "MGT-USDT",
      "takerOrderId": "67485b401adbea0007231938",
      "time": "1732795200034000000",
      "tradeId": "5774712664766489",
      "type": "match",
      "time_received": "12:00:00.1479"
    },
    {
      "makerOrderId": "67483dcdef434f00074c0e5f",
      "price": "0.05263",
      "sequence": "5774712664897537",
      "side": "buy",
      "size": "962.8",
      "symbol": "MGT-USDT",
      "takerOrderId": "67485b401adbea000723190c",
      "time": "1732795200034000000",
      "tradeId": "5774712664897537",
      "type": "match",
      "time_received": "12:00:00.1479"
    },
    {
      "makerOrderId": "67483dcde21c740007493fc8",
      "price": "0.05316",
      "sequence": "5774712664897540",
      "side": "buy",
      "size": "1075",
      "symbol": "MGT-USDT",
      "takerOrderId": "67485b401adbea000723190c",
      "time": "1732795200034000000",
      "tradeId": "5774712664897540",
      "type": "match",
      "time_received": "12:00:00.1480"
    },
    {
      "makerOrderId": "67483dcd725fc60007bec400",
      "price": "0.05368",
      "sequence": "5774712664897543",
      "side": "buy",
      "size": "893.5",
      "symbol": "MGT-USDT",
      "takerOrderId": "67485b401adbea000723190c",
      "time": "1732795200034000000",
      "tradeId": "5774712664897543",
      "type": "match",
      "time_received": "12:00:00.1480"
    },
    {
      "makerOrderId": "67483dcc439c100007954747",
      "price": "0.05421",
      "sequence": "5774712664897546",
      "side": "buy",
      "size": "1217.7",
      "symbol": "MGT-USDT",
      "takerOrderId": "67485b401adbea000723190c",
      "time": "1732795200034000000",
      "tradeId": "5774712664897546",
      "type": "match",
      "time_received": "12:00:00.1481"
    },
    {
      "makerOrderId": "67483dccdcdd7b0007cea567",
      "price": "0.05474",
      "sequence": "5774712664897549",
      "side": "buy",
      "size": "1366.3",
      "symbol": "MGT-USDT",
      "takerOrderId": "67485b401adbea000723190c",
      "time": "1732795200034000000",
      "tradeId": "5774712664897549",
      "type": "match",
      "time_received": "12:00:00.1481"
    },
    {
      "makerOrderId": "67483dcc2033a50007304fdd",
      "price": "0.05526",
      "sequence": "5774712664897552",
      "side": "buy",
      "size": "1383.3",
      "symbol": "MGT-USDT",
      "takerOrderId": "67485b401adbea000723190c",
      "time": "1732795200034000000",
      "tradeId": "5774712664897552",
      "type": "match",
      "time_received": "12:00:00.1481"
    },
    {
      "makerOrderId": "67483dcbb6d50800076824c1",
      "price": "0.05579",
      "sequence": "5774712664897555",
      "side": "buy",
      "size": "1339.3",
      "symbol": "MGT-USDT",
      "takerOrderId": "67485b401adbea000723190c",
      "time": "1732795200034000000",
      "tradeId": "5774712664897555",
      "type": "match",
      "time_received": "12:00:00.1482"
    },
    {
      "makerOrderId": "67483dcbe21c7400074935f5",
      "price": "0.05632",
      "sequence": "5774712664897558",
      "side": "buy",
      "size": "1506.5",
      "symbol": "MGT-USDT",
      "takerOrderId": "67485b401adbea000723190c",
      "time": "1732795200034000000",
      "tradeId": "5774712664897558",
      "type": "match",
      "time_received": "12:00:00.1482"
    },
    {
      "makerOrderId": "67483dcbb26bfb0007934314",
      "price": "0.05684",
      "sequence": "5774712664897561",
      "side": "buy",
      "size": "1450.1",
      "symbol": "MGT-USDT",
      "takerOrderId": "67485b401adbea000723190c",
      "time": "1732795200034000000",
      "tradeId": "5774712664897561",
      "type": "match",
      "time_received": "12:00:00.1482"
    },
    {
      "makerOrderId": "67483dcadcdd7b0007ce9be6",
      "price": "0.05737",
      "sequence": "5774712664897564",
      "side": "buy",
      "size": "1771.2",
      "symbol": "MGT-USDT",
      "takerOrderId": "67485b401adbea000723190c",
      "time": "1732795200034000000",
      "tradeId": "5774712664897564",
      "type": "match",
      "time_received": "12:00:00.1485"
    },
    {
      "makerOrderId": "67483dca9e4e4000077c41c1",
      "price": "0.05789",
      "sequence": "5774712664897567",
      "side": "buy",
      "size": "1683.6",
      "symbol": "MGT-USDT",
      "takerOrderId": "67485b401adbea000723190c",
      "time": "1732795200034000000",
      "tradeId": "5774712664897567",
      "type": "match",
      "time_received": "12:00:00.1486"
    },
    {
      "makerOrderId": "67483dca5a55500007c5b5c0",
      "price": "0.05842",
      "sequence": "5774712665028609",
      "side": "buy",
      "size": "1830.8",
      "symbol": "MGT-USDT",
      "takerOrderId": "67485b401adbea00072319a8",
      "time": "1732795200034000000",
      "tradeId": "5774712665028609",
      "type": "match",
      "time_received": "12:00:00.1486"
    },
    {
      "makerOrderId": "67483dc9b6d5080007681bb4",
      "price": "0.05895",
      "sequence": "5774712665028612",
      "side": "buy",
      "size": "1879.3",
      "symbol": "MGT-USDT",
      "takerOrderId": "67485b401adbea00072319a8",
      "time": "1732795200034000000",
      "tradeId": "5774712665028612",
      "type": "match",
      "time_received": "12:00:00.1486"
    },
    {
      "makerOrderId": "67483dc9e21c740007492ca3",
      "price": "0.05947",
      "sequence": "5774712665028615",
      "side": "buy",
      "size": "1919.4",
      "symbol": "MGT-USDT",
      "takerOrderId": "67485b401adbea00072319a8",
      "time": "1732795200034000000",
      "tradeId": "5774712665028615",
      "type": "match",
      "time_received": "12:00:00.1487"
    },
    {
      "makerOrderId": "67483dc9a69a4c00070e28cc",
      "price": "0.06",
      "sequence": "5774712665028618",
      "side": "buy",
      "size": "1324.7",
      "symbol": "MGT-USDT",
      "takerOrderId": "67485b401adbea00072319a8",
      "time": "1732795200034000000",
      "tradeId": "5774712665028618",
      "type": "match",
      "time_received": "12:00:00.1487"
    },
    {
      "makerOrderId": "67483deab6d508000768bdbc",
      "price": "0.06",
      "sequence": "5774712665028621",
      "side": "buy",
      "size": "897.8",
      "symbol": "MGT-USDT",
      "takerOrderId": "67485b401adbea00072319a8",
      "time": "1732795200034000000",
      "tradeId": "5774712665028621",
      "type": "match",
      "time_received": "12:00:00.1487"
    },
    {
      "makerOrderId": "67483dea5e5d4c0007db9fb1",
      "price": "0.06105",
      "sequence": "5774712665028624",
      "side": "buy",
      "size": "1222.2",
      "symbol": "MGT-USDT",
      "takerOrderId": "67485b401adbea00072319a8",
      "time": "1732795200034000000",
      "tradeId": "5774712665028624",
      "type": "match",
      "time_received": "12:00:00.1488"
    },
    {
      "makerOrderId": "67483de92033a5000730dcdc",
      "price": "0.06211",
      "sequence": "5774712665028627",
      "side": "buy",
      "size": "1272",
      "symbol": "MGT-USDT",
      "takerOrderId": "67485b401adbea00072319a8",
      "time": "1732795200034000000",
      "tradeId": "5774712665028627",
      "type": "match",
      "time_received": "12:00:00.1488"
    },
    {
      "makerOrderId": "67483de914a89200073ff76f",
      "price": "0.06316",
      "sequence": "5774712665028630",
      "side": "buy",
      "size": "1383.9",
      "symbol": "MGT-USDT",
      "takerOrderId": "67485b401adbea00072319a8",
      "time": "1732795200034000000",
      "tradeId": "5774712665028630",
      "type": "match",
      "time_received": "12:00:00.1488"
    },
    {
      "makerOrderId": "67483de9b6d508000768b6e1",
      "price": "0.06421",
      "sequence": "5774712665028633",
      "side": "buy",
      "size": "1629.5",
      "symbol": "MGT-USDT",
      "takerOrderId": "67485b401adbea00072319a8",
      "time": "1732795200034000000",
      "tradeId": "5774712665028633",
      "type": "match",
      "time_received": "12:00:00.1489"
    },
    {
      "makerOrderId": "67483de814a89200073ff34a",
      "price": "0.06526",
      "sequence": "5774712665421825",
      "side": "buy",
      "size": "1833.8",
      "symbol": "MGT-USDT",
      "takerOrderId": "67485b401adbea0007231945",
      "time": "1732795200036000000",
      "tradeId": "5774712665421825",
      "type": "match",
      "time_received": "12:00:00.1489"
    },
    {
      "makerOrderId": "67483de82033a5000730d861",
      "price": "0.06632",
      "sequence": "5774712665421828",
      "side": "buy",
      "size": "1868.5",
      "symbol": "MGT-USDT",
      "takerOrderId": "67485b401adbea0007231945",
      "time": "1732795200036000000",
      "tradeId": "5774712665421828",
      "type": "match",
      "time_received": "12:00:00.1489"
    },
    {
      "makerOrderId": "67483de8439c10000795d01d",
      "price": "0.06737",
      "sequence": "5774712665421831",
      "side": "buy",
      "size": "2044.2",
      "symbol": "MGT-USDT",
      "takerOrderId": "67485b401adbea0007231945",
      "time": "1732795200036000000",
      "tradeId": "5774712665421831",
      "type": "match",
      "time_received": "12:00:00.1489"
    },
    {
      "makerOrderId": "67483de7a69a4c00070ebb75",
      "price": "0.06842",
      "sequence": "5774712665421834",
      "side": "buy",
      "size": "2288.6",
      "symbol": "MGT-USDT",
      "takerOrderId": "67485b401adbea0007231945",
      "time": "1732795200036000000",
      "tradeId": "5774712665421834",
      "type": "match",
      "time_received": "12:00:00.1490"
    },
    {
      "makerOrderId": "67483de7725fc60007bf4341",
      "price": "0.06947",
      "sequence": "5774712665421837",
      "side": "buy",
      "size": "2541.3",
      "symbol": "MGT-USDT",
      "takerOrderId": "67485b401adbea0007231945",
      "time": "1732795200036000000",
      "tradeId": "5774712665421837",
      "type": "match",
      "time_received": "12:00:00.1490"
    },
    {
      "makerOrderId": "67483de7b26bfb000793cba9",
      "price": "0.07053",
      "sequence": "5774712771852289",
      "side": "buy",
      "size": "1000",
      "symbol": "MGT-USDT",
      "takerOrderId": "67485b40754b1e00072ab4e1",
      "time": "1732795200236000000",
      "tradeId": "5774712771852289",
      "type": "match",
      "time_received": "12:00:00.2757"
    },
    {
      "makerOrderId": "67483de7b26bfb000793cba9",
      "price": "0.07053",
      "sequence": "5774712843941889",
      "side": "buy",
      "size": "100",
      "symbol": "MGT-USDT",
      "takerOrderId": "67485b40754b1e00072ab751",
      "time": "1732795200356000000",
      "tradeId": "5774712843941889",
      "type": "match",
      "time_received": "12:00:00.3982"
    },
    {
      "makerOrderId": "67483de7b26bfb000793cba9",
      "price": "0.07053",
      "sequence": "5774712885229569",
      "side": "buy",
      "size": "250",
      "symbol": "MGT-USDT",
      "takerOrderId": "67485b40812d4000075d8430",
      "time": "1732795200415000000",
      "tradeId": "5774712885229569",
      "type": "match",
      "time_received": "12:00:00.4579"
    },
    {
      "makerOrderId": "67483de7b26bfb000793cba9",
      "price": "0.07053",
      "sequence": "5774712892700673",
      "side": "buy",
      "size": "55",
      "symbol": "MGT-USDT",
      "takerOrderId": "67485b40dcdd7b00078a369d",
      "time": "1732795200430000000",
      "tradeId": "5774712892700673",
      "type": "match",
      "time_received": "12:00:00.4799"
    },
    {
      "makerOrderId": "67483de7b26bfb000793cba9",
      "price": "0.07053",
      "sequence": "5774712897026049",
      "side": "buy",
      "size": "55",
      "symbol": "MGT-USDT",
      "takerOrderId": "67485b40754b1e00072ab8e3",
      "time": "1732795200436000000",
      "tradeId": "5774712897026049",
      "type": "match",
      "time_received": "12:00:00.4811"
    },
    {
      "makerOrderId": "67483de7b26bfb000793cba9",
      "price": "0.07053",
      "sequence": "5774713080788993",
      "side": "buy",
      "size": "10",
      "symbol": "MGT-USDT",
      "takerOrderId": "67485b40439c10000750e0e8",
      "time": "1732795200775000000",
      "tradeId": "5774713080788993",
      "type": "match",
      "time_received": "12:00:00.8143"
    },
    {
      "makerOrderId": "67483de7b26bfb000793cba9",
      "price": "0.07053",
      "sequence": "5774713189316609",
      "side": "buy",
      "size": "10",
      "symbol": "MGT-USDT",
      "takerOrderId": "67485b405e5d4c000796aab9",
      "time": "1732795201016000000",
      "tradeId": "5774713189316609",
      "type": "match",
      "time_received": "12:00:01.0579"
    },
    {
      "makerOrderId": "67483de7b26bfb000793cba9",
      "price": "0.07053",
      "sequence": "5774713219069959",
      "side": "buy",
      "size": "200",
      "symbol": "MGT-USDT",
      "takerOrderId": "67485b41a69a4c0007c9e2fd",
      "time": "1732795201113000000",
      "tradeId": "5774713219069959",
      "type": "match",
      "time_received": "12:00:01.1565"
    },
    {
      "makerOrderId": "67483de7b26bfb000793cba9",
      "price": "0.07053",
      "sequence": "5774713689487361",
      "side": "buy",
      "size": "871.4",
      "symbol": "MGT-USDT",
      "takerOrderId": "67485b422033a50007ebf391",
      "time": "1732795202269000000",
      "tradeId": "5774713689487361",
      "type": "match",
      "time_received": "12:00:02.3620"
    },
    {
      "makerOrderId": "67485b422033a50007ebf391",
      "price": "0.07072",
      "sequence": "5774714130413569",
      "side": "sell",
      "size": "191",
      "symbol": "MGT-USDT",
      "takerOrderId": "67485b431adbea0007233ac0",
      "time": "1732795203030000000",
      "tradeId": "5774714130413569",
      "type": "match",
      "time_received": "12:00:03.0723"
    },
    {
      "makerOrderId": "67483de61adbea000767f8d8",
      "price": "0.07158",
      "sequence": "5774714469627905",
      "side": "buy",
      "size": "79.4",
      "symbol": "MGT-USDT",
      "takerOrderId": "67485b4314a8920007fb1bcd",
      "time": "1732795203807000000",
      "tradeId": "5774714469627905",
      "type": "match",
      "time_received": "12:00:03.8734"
    },
    {
      "makerOrderId": "67485b422033a50007ebf391",
      "price": "0.07072",
      "sequence": "5774714567276545",
      "side": "sell",
      "size": "351.6",
      "symbol": "MGT-USDT",
      "takerOrderId": "67485b44e21c74000704eaca",
      "time": "1732795204033000000",
      "tradeId": "5774714567276545",
      "type": "match",
      "time_received": "12:00:04.0884"
    },
    {
      "makerOrderId": "67485b44754b1e00072adc89",
      "price": "0.07054",
      "sequence": "5774715046737921",
      "side": "sell",
      "size": "703.7",
      "symbol": "MGT-USDT",
      "takerOrderId": "67485b45754b1e00072ae3fa",
      "time": "1732795205043000000",
      "tradeId": "5774715046737921",
      "type": "match",
      "time_received": "12:00:05.1018"
    },
    {
      "makerOrderId": "67485b44b38d120007ee583e",
      "price": "0.07054",
      "sequence": "5774715046737924",
      "side": "sell",
      "size": "703.7",
      "symbol": "MGT-USDT",
      "takerOrderId": "67485b45754b1e00072ae3fa",
      "time": "1732795205043000000",
      "tradeId": "5774715046737924",
      "type": "match",
      "time_received": "12:00:05.1020"
    },
    {
      "makerOrderId": "67485b44b38d120007ee5852",
      "price": "0.07054",
      "sequence": "5774715046737927",
      "side": "sell",
      "size": "703.7",
      "symbol": "MGT-USDT",
      "takerOrderId": "67485b45754b1e00072ae3fa",
      "time": "1732795205043000000",
      "tradeId": "5774715046737927",
      "type": "match",
      "time_received": "12:00:05.1021"
    },
    {
      "makerOrderId": "67483de61adbea000767f8d8",
      "price": "0.07158",
      "sequence": "5774715155265537",
      "side": "buy",
      "size": "187.5",
      "symbol": "MGT-USDT",
      "takerOrderId": "67485b45dcdd7b00078a64ec",
      "time": "1732795205174000000",
      "tradeId": "5774715155265537",
      "type": "match",
      "time_received": "12:00:05.2188"
    },
    {
      "makerOrderId": "67485b4514a8920007fb29f0",
      "price": "0.07157",
      "sequence": "5774715336144897",
      "side": "buy",
      "size": "686.8",
      "symbol": "MGT-USDT",
      "takerOrderId": "67485b4514a8920007fb2d7b",
      "time": "1732795205516000000",
      "tradeId": "5774715336144897",
      "type": "match",
      "time_received": "12:00:05.5654"
    },
    {
      "makerOrderId": "67485b458b053b00075d3f7c",
      "price": "0.07156",
      "sequence": "5774715611002881",
      "side": "buy",
      "size": "16.9",
      "symbol": "MGT-USDT",
      "takerOrderId": "67485b461adbea0007235957",
      "time": "1732795206060000000",
      "tradeId": "5774715611002881",
      "type": "match",
      "time_received": "12:00:06.1531"
    },
    {
      "makerOrderId": "67485b45b6d50800072408df",
      "price": "0.07156",
      "sequence": "5774715611002884",
      "side": "buy",
      "size": "703.7",
      "symbol": "MGT-USDT",
      "takerOrderId": "67485b461adbea0007235957",
      "time": "1732795206060000000",
      "tradeId": "5774715611002884",
      "type": "match",
      "time_received": "12:00:06.1532"
    },
    {
      "makerOrderId": "67485b45ef434f000707de94",
      "price": "0.07156",
      "sequence": "5774715611002887",
      "side": "buy",
      "size": "703.7",
      "symbol": "MGT-USDT",
      "takerOrderId": "67485b461adbea0007235957",
      "time": "1732795206060000000",
      "tradeId": "5774715611002887",
      "type": "match",
      "time_received": "12:00:06.1533"
    },
    {
      "makerOrderId": "67483de61adbea000767f8d8",
      "price": "0.07158",
      "sequence": "5774715899885569",
      "side": "buy",
      "size": "125.1",
      "symbol": "MGT-USDT",
      "takerOrderId": "67485b46a69a4c0007ca1608",
      "time": "1732795206763000000",
      "tradeId": "5774715899885569",
      "type": "match",
      "time_received": "12:00:06.8496"
    },
    {
      "makerOrderId": "67483de61adbea000767f8d8",
      "price": "0.07158",
      "sequence": "5774715999893505",
      "side": "buy",
      "size": "695.8",
      "symbol": "MGT-USDT",
      "takerOrderId": "67485b46f61fa00007dd21a7",
      "time": "1732795206981000000",
      "tradeId": "5774715999893505",
      "type": "match",
      "time_received": "12:00:07.0704"
    },
    {
      "makerOrderId": "67483de61adbea000767f8d8",
      "price": "0.07158",
      "sequence": "5774716510681089",
      "side": "buy",
      "size": "23.4",
      "symbol": "MGT-USDT",
      "takerOrderId": "67485b48b26bfb00074f1bf9",
      "time": "1732795208157000000",
      "tradeId": "5774716510681089",
      "type": "match",
      "time_received": "12:00:08.1967"
    },
    {
      "makerOrderId": "67483de61adbea000767f8d8",
      "price": "0.07158",
      "sequence": "5774716922640385",
      "side": "buy",
      "size": "695.8",
      "symbol": "MGT-USDT",
      "takerOrderId": "67485b49a69a4c0007ca2695",
      "time": "1732795209301000000",
      "tradeId": "5774716922640385",
      "type": "match",
      "time_received": "12:00:09.4142"
    },
    {
      "makerOrderId": "67485b49b26bfb00074f2820",
      "price": "0.07059",
      "sequence": "5774717288331265",
      "side": "sell",
      "size": "1406.9",
      "symbol": "MGT-USDT",
      "takerOrderId": "67485b4aef434f000707fcf1",
      "time": "1732795210078000000",
      "tradeId": "5774717288331265",
      "type": "match",
      "time_received": "12:00:10.1556"
    },
    {
      "makerOrderId": "67485b4b1adbea0007237b71",
      "price": "0.07063",
      "sequence": "5774717667784705",
      "side": "sell",
      "size": "1406.9",
      "symbol": "MGT-USDT",
      "takerOrderId": "67485b4b8b053b00075d6453",
      "time": "1732795211082000000",
      "tradeId": "5774717667784705",
      "type": "match",
      "time_received": "12:00:11.1549"
    },
    {
      "makerOrderId": "67485b4b14a8920007fb5b30",
      "price": "0.07072",
      "sequence": "5774718005557249",
      "side": "sell",
      "size": "153.8",
      "symbol": "MGT-USDT",
      "takerOrderId": "67485b4b33b8f30007d4d047",
      "time": "1732795211836000000",
      "tradeId": "5774718005557249",
      "type": "match",
      "time_received": "12:00:11.8811"
    },
    {
      "makerOrderId": "67485b4b1adbea000723802e",
      "price": "0.07064",
      "sequence": "5774718005557252",
      "side": "sell",
      "size": "1260.2",
      "symbol": "MGT-USDT",
      "takerOrderId": "67485b4b33b8f30007d4d047",
      "time": "1732795211836000000",
      "tradeId": "5774718005557252",
      "type": "match",
      "time_received": "12:00:11.8812"
    },
    {
      "makerOrderId": "67483de61adbea000767f8d8",
      "price": "0.07158",
      "sequence": "5774718078040065",
      "side": "buy",
      "size": "217",
      "symbol": "MGT-USDT",
      "takerOrderId": "67485b4cef434f0007080acb",
      "time": "1732795212028000000",
      "tradeId": "5774718078040065",
      "type": "match",
      "time_received": "12:00:12.0967"
    },
    {
      "makerOrderId": "67485b4cef434f0007080b5d",
      "price": "0.0706",
      "sequence": "5774718106482689",
      "side": "sell",
      "size": "148.1",
      "symbol": "MGT-USDT",
      "takerOrderId": "67485b4c8b053b00075d6cc9",
      "time": "1732795212090000000",
      "tradeId": "5774718106482689",
      "type": "match",
      "time_received": "12:00:12.1298"
    },
    {
      "makerOrderId": "67485b4b754b1e00072b1808",
      "price": "0.07059",
      "sequence": "5774718106482692",
      "side": "sell",
      "size": "702.7",
      "symbol": "MGT-USDT",
      "takerOrderId": "67485b4c8b053b00075d6cc9",
      "time": "1732795212090000000",
      "tradeId": "5774718106482692",
      "type": "match",
      "time_received": "12:00:12.1302"
    },
    {
      "makerOrderId": "67485b4bb6d50800072433e9",
      "price": "0.07059",
      "sequence": "5774718106482695",
      "side": "sell",
      "size": "702.7",
      "symbol": "MGT-USDT",
      "takerOrderId": "67485b4c8b053b00075d6cc9",
      "time": "1732795212090000000",
      "tradeId": "5774718106482695",
      "type": "match",
      "time_received": "12:00:12.1302"
    },
    {
      "makerOrderId": "67485b4bef434f0007080a18",
      "price": "0.07059",
      "sequence": "5774718106482698",
      "side": "sell",
      "size": "554.6",
      "symbol": "MGT-USDT",
      "takerOrderId": "67485b4c8b053b00075d6cc9",
      "time": "1732795212090000000",
      "tradeId": "5774718106482698",
      "type": "match",
      "time_received": "12:00:12.1303"
    },
    {
      "makerOrderId": "67483de61adbea000767f8d8",
      "price": "0.07158",
      "sequence": "5774718136891393",
      "side": "buy",
      "size": "229.9",
      "symbol": "MGT-USDT",
      "takerOrderId": "67485b4c2033a50007ec4842",
      "time": "1732795212161000000",
      "tradeId": "5774718136891393",
      "type": "match",
      "time_received": "12:00:12.2034"
    },
    {
      "makerOrderId": "67485b4c8b053b00075d6e55",
      "price": "0.07157",
      "sequence": "5774718210160641",
      "side": "buy",
      "size": "82.3",
      "symbol": "MGT-USDT",
      "takerOrderId": "67485b4c8b053b00075d6e8b",
      "time": "1732795212346000000",
      "tradeId": "5774718210160641",
      "type": "match",
      "time_received": "12:00:12.3862"
    },
    {
      "makerOrderId": "67485b4c8b053b00075d6e55",
      "price": "0.07157",
      "sequence": "5774718281070593",
      "side": "buy",
      "size": "137.2",
      "symbol": "MGT-USDT",
      "takerOrderId": "67485b4c439c100007514180",
      "time": "1732795212493000000",
      "tradeId": "5774718281070593",
      "type": "match",
      "time_received": "12:00:12.5415"
    },
    {
      "makerOrderId": "67485b4cef434f0007080e8b",
      "price": "0.07056",
      "sequence": "5774718462212097",
      "side": "sell",
      "size": "148.8",
      "symbol": "MGT-USDT",
      "takerOrderId": "67485b4cef434f00070812ef",
      "time": "1732795212796000000",
      "tradeId": "5774718462212097",
      "type": "match",
      "time_received": "12:00:12.8537"
    },
    {
      "makerOrderId": "67485b4aa69a4c0007ca2fe5",
      "price": "0.07055",
      "sequence": "5774718462212100",
      "side": "sell",
      "size": "538",
      "symbol": "MGT-USDT",
      "takerOrderId": "67485b4cef434f00070812ef",
      "time": "1732795212796000000",
      "tradeId": "5774718462212100",
      "type": "match",
      "time_received": "12:00:12.8538"
    },
    {
      "makerOrderId": "67485b4ca69a4c0007ca443b",
      "price": "0.07057",
      "sequence": "5774718629459969",
      "side": "sell",
      "size": "220.4",
      "symbol": "MGT-USDT",
      "takerOrderId": "67485b4d9e4e400007383f16",
      "time": "1732795213104000000",
      "tradeId": "5774718629459969",
      "type": "match",
      "time_received": "12:00:13.1805"
    },
    {
      "makerOrderId": "67485b4aa69a4c0007ca2fe5",
      "price": "0.07055",
      "sequence": "5774719042729985",
      "side": "sell",
      "size": "548.3",
      "symbol": "MGT-USDT",
      "takerOrderId": "67485b4eb26bfb00074f48f3",
      "time": "1732795214102000000",
      "tradeId": "5774719042729985",
      "type": "match",
      "time_received": "12:00:14.1407"
    },
    {
      "makerOrderId": "67485b4ef61fa00007dd5a4d",
      "price": "0.07148",
      "sequence": "5774719656671233",
      "side": "buy",
      "size": "247.4",
      "symbol": "MGT-USDT",
      "takerOrderId": "67485b4f14a8920007fb7803",
      "time": "1732795215830000000",
      "tradeId": "5774719656671233",
      "type": "match",
      "time_received": "12:00:15.8730"
    },
    {
      "makerOrderId": "67485b5033b8f30007d4ec23",
      "price": "0.07146",
      "sequence": "5774720137050113",
      "side": "buy",
      "size": "139.7",
      "symbol": "MGT-USDT",
      "takerOrderId": "67485b505a5550000781cef5",
      "time": "1732795216969000000",
      "tradeId": "5774720137050113",
      "type": "match",
      "time_received": "12:00:17.0131"
    },
    {
      "makerOrderId": "67485b5033b8f30007d4ec23",
      "price": "0.07146",
      "sequence": "5774720191969281",
      "side": "buy",
      "size": "834",
      "symbol": "MGT-USDT",
      "takerOrderId": "67485b51b6d508000724594d",
      "time": "1732795217139000000",
      "tradeId": "5774720191969281",
      "type": "match",
      "time_received": "12:00:17.1879"
    },
    {
      "makerOrderId": "67485b51754b1e00072b3dcf",
      "price": "0.07145",
      "sequence": "5774720237844481",
      "side": "buy",
      "size": "703.6",
      "symbol": "MGT-USDT",
      "takerOrderId": "67485b51e21c740007054fd0",
      "time": "1732795217292000000",
      "tradeId": "5774720237844481",
      "type": "match",
      "time_received": "12:00:17.3565"
    },
    {
      "makerOrderId": "67485b51725fc600077adaf9",
      "price": "0.07145",
      "sequence": "5774720237844484",
      "side": "buy",
      "size": "703.4",
      "symbol": "MGT-USDT",
      "takerOrderId": "67485b51e21c740007054fd0",
      "time": "1732795217292000000",
      "tradeId": "5774720237844484",
      "type": "match",
      "time_received": "12:00:17.3566"
    },
    {
      "makerOrderId": "67485b51725fc600077adb0b",
      "price": "0.07145",
      "sequence": "5774720237844487",
      "side": "buy",
      "size": "702.7",
      "symbol": "MGT-USDT",
      "takerOrderId": "67485b51e21c740007054fd0",
      "time": "1732795217292000000",
      "tradeId": "5774720237844487",
      "type": "match",
      "time_received": "12:00:17.3566"
    },
    {
      "makerOrderId": "67483de61adbea000767f8d8",
      "price": "0.07158",
      "sequence": "5774720237844490",
      "side": "buy",
      "size": "86.7",
      "symbol": "MGT-USDT",
      "takerOrderId": "67485b51e21c740007054fd0",
      "time": "1732795217292000000",
      "tradeId": "5774720237844490",
      "type": "match",
      "time_received": "12:00:17.3567"
    },
    {
      "makerOrderId": "67483de61adbea000767f8d8",
      "price": "0.07158",
      "sequence": "5774720547567617",
      "side": "buy",
      "size": "387.4",
      "symbol": "MGT-USDT",
      "takerOrderId": "67485b51b6d50800072460e9",
      "time": "1732795217922000000",
      "tradeId": "5774720547567617",
      "type": "match",
      "time_received": "12:00:18.1887"
    },
    {
      "makerOrderId": "67485b51ef434f000708329b",
      "price": "0.07262",
      "sequence": "5774720547567620",
      "side": "buy",
      "size": "299.4",
      "symbol": "MGT-USDT",
      "takerOrderId": "67485b51b6d50800072460e9",
      "time": "1732795217922000000",
      "tradeId": "5774720547567620",
      "type": "match",
      "time_received": "12:00:18.1888"
    },
    {
      "makerOrderId": "67485b542033a50007ec7e77",
      "price": "0.07064",
      "sequence": "5774721358116865",
      "side": "sell",
      "size": "1406.9",
      "symbol": "MGT-USDT",
      "takerOrderId": "67485b54b38d120007eecd81",
      "time": "1732795220136000000",
      "tradeId": "5774721358116865",
      "type": "match",
      "time_received": "12:00:20.2585"
    },
    {
      "makerOrderId": "67485b52ef434f00070837ab",
      "price": "0.07262",
      "sequence": "5774721878865921",
      "side": "buy",
      "size": "1406.9",
      "symbol": "MGT-USDT",
      "takerOrderId": "67485b55725fc600077afa07",
      "time": "1732795221154000000",
      "tradeId": "5774721878865921",
      "type": "match",
      "time_received": "12:00:21.2816"
    },
    {
      "makerOrderId": "67483de6b26bfb000793c7c2",
      "price": "0.07263",
      "sequence": "5774723085645825",
      "side": "buy",
      "size": "123.9",
      "symbol": "MGT-USDT",
      "takerOrderId": "67485b579e4e400007388cec",
      "time": "1732795223814000000",
      "tradeId": "5774723085645825",
      "type": "match",
      "time_received": "12:00:23.8730"
    },
    {
      "makerOrderId": "67483de6b26bfb000793c7c2",
      "price": "0.07263",
      "sequence": "5774723636279297",
      "side": "buy",
      "size": "45.7",
      "symbol": "MGT-USDT",
      "takerOrderId": "67485b59dcdd7b00078afcd6",
      "time": "1732795225125000000",
      "tradeId": "5774723636279297",
      "type": "match",
      "time_received": "12:00:25.2746"
    },
    {
      "makerOrderId": "67483de6b26bfb000793c7c2",
      "price": "0.07263",
      "sequence": "5774723807590401",
      "side": "buy",
      "size": "1040.6",
      "symbol": "MGT-USDT",
      "takerOrderId": "67485b5933b8f30007d53507",
      "time": "1732795225614000000",
      "tradeId": "5774723807590401",
      "type": "match",
      "time_received": "12:00:25.6585"
    },
    {
      "makerOrderId": "67485b555a5550000781f21c",
      "price": "0.07367",
      "sequence": "5774724031199233",
      "side": "buy",
      "size": "1000",
      "symbol": "MGT-USDT",
      "takerOrderId": "67485b5a754b1e00072b80c8",
      "time": "1732795226186000000",
      "tradeId": "5774724031199233",
      "type": "match",
      "time_received": "12:00:26.2247"
    },
    {
      "makerOrderId": "67485b578b053b00075dc5c3",
      "price": "0.07262",
      "sequence": "5774724488378369",
      "side": "sell",
      "size": "46.2",
      "symbol": "MGT-USDT",
      "takerOrderId": "67485b5bdcdd7b00078b0bbd",
      "time": "1732795227182000000",
      "tradeId": "5774724488378369",
      "type": "match",
      "time_received": "12:00:27.2449"
    },
    {
      "makerOrderId": "67485b5a5a5550000782147b",
      "price": "0.07262",
      "sequence": "5774724488378372",
      "side": "sell",
      "size": "68.8",
      "symbol": "MGT-USDT",
      "takerOrderId": "67485b5bdcdd7b00078b0bbd",
      "time": "1732795227182000000",
      "tradeId": "5774724488378372",
      "type": "match",
      "time_received": "12:00:27.2450"
    },
    {
      "makerOrderId": "67485b5ab38d120007ef0363",
      "price": "0.07242",
      "sequence": "5774724488378375",
      "side": "sell",
      "size": "683.6",
      "symbol": "MGT-USDT",
      "takerOrderId": "67485b5bdcdd7b00078b0bbd",
      "time": "1732795227182000000",
      "tradeId": "5774724488378375",
      "type": "match",
      "time_received": "12:00:27.2451"
    },
    {
      "makerOrderId": "67485b5adcdd7b00078b09ab",
      "price": "0.07242",
      "sequence": "5774724488378378",
      "side": "sell",
      "size": "683.6",
      "symbol": "MGT-USDT",
      "takerOrderId": "67485b5bdcdd7b00078b0bbd",
      "time": "1732795227182000000",
      "tradeId": "5774724488378378",
      "type": "match",
      "time_received": "12:00:27.2451"
    },
    {
      "makerOrderId": "67485b5a8b053b00075dda47",
      "price": "0.07242",
      "sequence": "5774724488378381",
      "side": "sell",
      "size": "683.6",
      "symbol": "MGT-USDT",
      "takerOrderId": "67485b5bdcdd7b00078b0bbd",
      "time": "1732795227182000000",
      "tradeId": "5774724488378381",
      "type": "match",
      "time_received": "12:00:27.2451"
    },
    {
      "makerOrderId": "67485b5a33b8f30007d5389f",
      "price": "0.07367",
      "sequence": "5774724507121665",
      "side": "buy",
      "size": "912.5",
      "symbol": "MGT-USDT",
      "takerOrderId": "67485b5ba69a4c0007caaa91",
      "time": "1732795227227000000",
      "tradeId": "5774724507121665",
      "type": "match",
      "time_received": "12:00:27.2727"
    },
    {
      "makerOrderId": "67485b592033a50007ecab96",
      "price": "0.07158",
      "sequence": "5774724953815041",
      "side": "sell",
      "size": "235.8",
      "symbol": "MGT-USDT",
      "takerOrderId": "67485b5c812d4000075e5ceb",
      "time": "1732795228181000000",
      "tradeId": "5774724953815041",
      "type": "match",
      "time_received": "12:00:28.2225"
    },
    {
      "makerOrderId": "67485b5df61fa00007ddc0e3",
      "price": "0.07148",
      "sequence": "5774725325666305",
      "side": "sell",
      "size": "1406.9",
      "symbol": "MGT-USDT",
      "takerOrderId": "67485b5d754b1e00072b96dc",
      "time": "1732795229189000000",
      "tradeId": "5774725325666305",
      "type": "match",
      "time_received": "12:00:29.2280"
    },
    {
      "makerOrderId": "67485b5db6d508000724b2af",
      "price": "0.0736",
      "sequence": "5774725397231617",
      "side": "buy",
      "size": "683.6",
      "symbol": "MGT-USDT",
      "takerOrderId": "67485b5d2033a50007ecc3e6",
      "time": "1732795229372000000",
      "tradeId": "5774725397231617",
      "type": "match",
      "time_received": "12:00:29.4158"
    },
    {
      "makerOrderId": "67485b5db38d120007ef12ff",
      "price": "0.0736",
      "sequence": "5774725397231620",
      "side": "buy",
      "size": "233.4",
      "symbol": "MGT-USDT",
      "takerOrderId": "67485b5d2033a50007ecc3e6",
      "time": "1732795229372000000",
      "tradeId": "5774725397231620",
      "type": "match",
      "time_received": "12:00:29.4158"
    },
    {
      "makerOrderId": "67485b5eb26bfb00074fba0d",
      "price": "0.07357",
      "sequence": "5774725881280513",
      "side": "buy",
      "size": "70.3",
      "symbol": "MGT-USDT",
      "takerOrderId": "67485b5e812d4000075e6afe",
      "time": "1732795230590000000",
      "tradeId": "5774725881280513",
      "type": "match",
      "time_received": "12:00:30.6342"
    },
    {
      "makerOrderId": "67485b5ea69a4c0007cabf1c",
      "price": "0.07356",
      "sequence": "5774725952059393",
      "side": "buy",
      "size": "683.6",
      "symbol": "MGT-USDT",
      "takerOrderId": "67485b5ef61fa00007ddcb55",
      "time": "1732795230827000000",
      "tradeId": "5774725952059393",
      "type": "match",
      "time_received": "12:00:30.8705"
    },
    {
      "makerOrderId": "67485b5e754b1e00072b9f52",
      "price": "0.07356",
      "sequence": "5774725952059396",
      "side": "buy",
      "size": "450.2",
      "symbol": "MGT-USDT",
      "takerOrderId": "67485b5ef61fa00007ddcb55",
      "time": "1732795230827000000",
      "tradeId": "5774725952059396",
      "type": "match",
      "time_received": "12:00:30.8706"
    },
    {
      "makerOrderId": "67485b5e2033a50007eccb2f",
      "price": "0.07367",
      "sequence": "5774725952059399",
      "side": "buy",
      "size": "1406.9",
      "symbol": "MGT-USDT",
      "takerOrderId": "67485b5ef61fa00007ddcb55",
      "time": "1732795230827000000",
      "tradeId": "5774725952059399",
      "type": "match",
      "time_received": "12:00:30.8706"
    },
    {
      "makerOrderId": "67483de65e5d4c0007db8c09",
      "price": "0.07368",
      "sequence": "5774725952059402",
      "side": "buy",
      "size": "3149.2",
      "symbol": "MGT-USDT",
      "takerOrderId": "67485b5ef61fa00007ddcb55",
      "time": "1732795230827000000",
      "tradeId": "5774725952059402",
      "type": "match",
      "time_received": "12:00:30.8706"
    },
    {
      "makerOrderId": "67485b5b1adbea000723f5cf",
      "price": "0.07387",
      "sequence": "5774725952059405",
      "side": "buy",
      "size": "55",
      "symbol": "MGT-USDT",
      "takerOrderId": "67485b5ef61fa00007ddcb55",
      "time": "1732795230827000000",
      "tradeId": "5774725952059405",
      "type": "match",
      "time_received": "12:00:30.8707"
    },
    {
      "makerOrderId": "67485b5b725fc600077b2948",
      "price": "0.07387",
      "sequence": "5774725952059408",
      "side": "buy",
      "size": "55",
      "symbol": "MGT-USDT",
      "takerOrderId": "67485b5ef61fa00007ddcb55",
      "time": "1732795230827000000",
      "tradeId": "5774725952059408",
      "type": "match",
      "time_received": "12:00:30.8707"
    },
    {
      "makerOrderId": "67485b5f5a55500007823599",
      "price": "0.07388",
      "sequence": "5774726492993537",
      "side": "sell",
      "size": "1406.9",
      "symbol": "MGT-USDT",
      "takerOrderId": "67485b60754b1e00072ba75b",
      "time": "1732795232209000000",
      "tradeId": "5774726492993537",
      "type": "match",
      "time_received": "12:00:32.2520"
    },
    {
      "makerOrderId": "67485b5f5e5d4c0007978e69",
      "price": "0.07388",
      "sequence": "5774726492993540",
      "side": "sell",
      "size": "674.9",
      "symbol": "MGT-USDT",
      "takerOrderId": "67485b60754b1e00072ba75b",
      "time": "1732795232209000000",
      "tradeId": "5774726492993540",
      "type": "match",
      "time_received": "12:00:32.2520"
    },
    {
      "makerOrderId": "67483de533b8f30007195839",
      "price": "0.07474",
      "sequence": "5774727785232385",
      "side": "buy",
      "size": "88.8",
      "symbol": "MGT-USDT",
      "takerOrderId": "67485b63f61fa00007dde6c0",
      "time": "1732795235658000000",
      "tradeId": "5774727785232385",
      "type": "match",
      "time_received": "12:00:35.6994"
    },
    {
      "makerOrderId": "67483de533b8f30007195839",
      "price": "0.07474",
      "sequence": "5774728125364225",
      "side": "buy",
      "size": "266.6",
      "symbol": "MGT-USDT",
      "takerOrderId": "67485b64b26bfb00074fdec3",
      "time": "1732795236388000000",
      "tradeId": "5774728125364225",
      "type": "match",
      "time_received": "12:00:36.4245"
    },
    {
      "makerOrderId": "67483de533b8f30007195839",
      "price": "0.07474",
      "sequence": "5774728405334017",
      "side": "buy",
      "size": "28.3",
      "symbol": "MGT-USDT",
      "takerOrderId": "67485b65812d4000075e90b5",
      "time": "1732795237135000000",
      "tradeId": "5774728405334017",
      "type": "match",
      "time_received": "12:00:37.1780"
    },
    {
      "makerOrderId": "67483de533b8f30007195839",
      "price": "0.07474",
      "sequence": "5774729036052481",
      "side": "buy",
      "size": "1172.9",
      "symbol": "MGT-USDT",
      "takerOrderId": "67485b66754b1e00072bced9",
      "time": "1732795238682000000",
      "tradeId": "5774729036052481",
      "type": "match",
      "time_received": "12:00:38.7268"
    },
    {
      "makerOrderId": "67483de533b8f30007195839",
      "price": "0.07474",
      "sequence": "5774729742661633",
      "side": "buy",
      "size": "1745.8",
      "symbol": "MGT-USDT",
      "takerOrderId": "67485b68812d4000075ea7ba",
      "time": "1732795240103000000",
      "tradeId": "5774729742661633",
      "type": "match",
      "time_received": "12:00:40.1438"
    },
    {
      "makerOrderId": "67485b68812d4000075ea7ba",
      "price": "0.07474",
      "sequence": "5774729820911617",
      "side": "sell",
      "size": "4917.4",
      "symbol": "MGT-USDT",
      "takerOrderId": "67485b6814a8920007fc2099",
      "time": "1732795240261000000",
      "tradeId": "5774729820911617",
      "type": "match",
      "time_received": "12:00:40.3038"
    },
    {
      "makerOrderId": "67485b688b053b00075e2f41",
      "price": "0.07474",
      "sequence": "5774729820911620",
      "side": "sell",
      "size": "1406.9",
      "symbol": "MGT-USDT",
      "takerOrderId": "67485b6814a8920007fc2099",
      "time": "1732795240261000000",
      "tradeId": "5774729820911620",
      "type": "match",
      "time_received": "12:00:40.3038"
    },
    {
      "makerOrderId": "67485b69ef434f000708d3ab",
      "price": "0.07404",
      "sequence": "5774730203248641",
      "side": "sell",
      "size": "454.6",
      "symbol": "MGT-USDT",
      "takerOrderId": "67485b692033a50007ed1014",
      "time": "1732795241274000000",
      "tradeId": "5774730203248641",
      "type": "match",
      "time_received": "12:00:41.3138"
    },
    {
      "makerOrderId": "67485b691adbea000724517c",
      "price": "0.07406",
      "sequence": "5774730550720513",
      "side": "sell",
      "size": "667.4",
      "symbol": "MGT-USDT",
      "takerOrderId": "67485b6a8b053b00075e3c45",
      "time": "1732795242274000000",
      "tradeId": "5774730550720513",
      "type": "match",
      "time_received": "12:00:42.3181"
    },
    {
      "makerOrderId": "67485b695e5d4c000797d134",
      "price": "0.07406",
      "sequence": "5774730550720516",
      "side": "sell",
      "size": "667.4",
      "symbol": "MGT-USDT",
      "takerOrderId": "67485b6a8b053b00075e3c45",
      "time": "1732795242274000000",
      "tradeId": "5774730550720516",
      "type": "match",
      "time_received": "12:00:42.3182"
    },
    {
      "makerOrderId": "67485b69e21c74000705f886",
      "price": "0.07406",
      "sequence": "5774730550720519",
      "side": "sell",
      "size": "667.4",
      "symbol": "MGT-USDT",
      "takerOrderId": "67485b6a8b053b00075e3c45",
      "time": "1732795242274000000",
      "tradeId": "5774730550720519",
      "type": "match",
      "time_received": "12:00:42.3183"
    },
    {
      "makerOrderId": "67485b6ab38d120007ef69c8",
      "price": "0.07576",
      "sequence": "5774730964252673",
      "side": "buy",
      "size": "260.2",
      "symbol": "MGT-USDT",
      "takerOrderId": "67485b6b14a8920007fc3310",
      "time": "1732795243098000000",
      "tradeId": "5774730964252673",
      "type": "match",
      "time_received": "12:00:43.1415"
    },
    {
      "makerOrderId": "67485b6e812d4000075ecee7",
      "price": "0.0756",
      "sequence": "5774732139182081",
      "side": "buy",
      "size": "674.6",
      "symbol": "MGT-USDT",
      "takerOrderId": "67485b6e754b1e00072c022d",
      "time": "1732795246752000000",
      "tradeId": "5774732139182081",
      "type": "match",
      "time_received": "12:00:46.7958"
    },
    {
      "makerOrderId": "67485b6eb26bfb0007501e72",
      "price": "0.07561",
      "sequence": "5774732139182084",
      "side": "buy",
      "size": "362.7",
      "symbol": "MGT-USDT",
      "takerOrderId": "67485b6e754b1e00072c022d",
      "time": "1732795246752000000",
      "tradeId": "5774732139182084",
      "type": "match",
      "time_received": "12:00:46.7959"
    },
    {
      "makerOrderId": "67485b6eef434f000708f53a",
      "price": "0.07558",
      "sequence": "5774732402767873",
      "side": "buy",
      "size": "1328.7",
      "symbol": "MGT-USDT",
      "takerOrderId": "67485b6ff61fa00007de331a",
      "time": "1732795247432000000",
      "tradeId": "5774732402767873",
      "type": "match",
      "time_received": "12:00:47.4716"
    },
    {
      "makerOrderId": "67485b6e8b053b00075e5535",
      "price": "0.07559",
      "sequence": "5774732402767876",
      "side": "buy",
      "size": "665.2",
      "symbol": "MGT-USDT",
      "takerOrderId": "67485b6ff61fa00007de331a",
      "time": "1732795247432000000",
      "tradeId": "5774732402767876",
      "type": "match",
      "time_received": "12:00:47.4717"
    },
    {
      "makerOrderId": "67485b6e754b1e00072c0279",
      "price": "0.07559",
      "sequence": "5774732402767879",
      "side": "buy",
      "size": "665.2",
      "symbol": "MGT-USDT",
      "takerOrderId": "67485b6ff61fa00007de331a",
      "time": "1732795247432000000",
      "tradeId": "5774732402767879",
      "type": "match",
      "time_received": "12:00:47.4717"
    },
    {
      "makerOrderId": "67485b6e14a8920007fc4689",
      "price": "0.07559",
      "sequence": "5774732402767882",
      "side": "buy",
      "size": "665.2",
      "symbol": "MGT-USDT",
      "takerOrderId": "67485b6ff61fa00007de331a",
      "time": "1732795247432000000",
      "tradeId": "5774732402767882",
      "type": "match",
      "time_received": "12:00:47.4718"
    },
    {
      "makerOrderId": "67483de58b053b0007a1f125",
      "price": "0.07579",
      "sequence": "5774732518373377",
      "side": "buy",
      "size": "3400.8",
      "symbol": "MGT-USDT",
      "takerOrderId": "67485b6fe21c740007061ae4",
      "time": "1732795247764000000",
      "tradeId": "5774732518373377",
      "type": "match",
      "time_received": "12:00:47.8191"
    },
    {
      "makerOrderId": "67485b6f5a555000078299a2",
      "price": "0.07683",
      "sequence": "5774732518373380",
      "side": "buy",
      "size": "1328.7",
      "symbol": "MGT-USDT",
      "takerOrderId": "67485b6fe21c740007061ae4",
      "time": "1732795247764000000",
      "tradeId": "5774732518373380",
      "type": "match",
      "time_received": "12:00:47.8191"
    },
    {
      "makerOrderId": "67483de5f61fa0000721c0e6",
      "price": "0.07684",
      "sequence": "5774732518373383",
      "side": "buy",
      "size": "1516.6",
      "symbol": "MGT-USDT",
      "takerOrderId": "67485b6fe21c740007061ae4",
      "time": "1732795247764000000",
      "tradeId": "5774732518373383",
      "type": "match",
      "time_received": "12:00:47.8192"
    },
    {
      "makerOrderId": "67485b71754b1e00072c135c",
      "price": "0.07576",
      "sequence": "5774733417658369",
      "side": "sell",
      "size": "171.7",
      "symbol": "MGT-USDT",
      "takerOrderId": "67485b725e5d4c00079800ad",
      "time": "1732795250114000000",
      "tradeId": "5774733417658369",
      "type": "match",
      "time_received": "12:00:50.1587"
    },
    {
      "makerOrderId": "67485b70b6d5080007252ae0",
      "price": "0.07573",
      "sequence": "5774733417658372",
      "side": "sell",
      "size": "1328.7",
      "symbol": "MGT-USDT",
      "takerOrderId": "67485b725e5d4c00079800ad",
      "time": "1732795250114000000",
      "tradeId": "5774733417658372",
      "type": "match",
      "time_received": "12:00:50.1588"
    },
    {
      "makerOrderId": "67485b709e4e400007392aff",
      "price": "0.07573",
      "sequence": "5774733417658375",
      "side": "sell",
      "size": "1310.7",
      "symbol": "MGT-USDT",
      "takerOrderId": "67485b725e5d4c00079800ad",
      "time": "1732795250114000000",
      "tradeId": "5774733417658375",
      "type": "match",
      "time_received": "12:00:50.1589"
    },
    {
      "makerOrderId": "67485b6ff61fa00007de331a",
      "price": "0.07572",
      "sequence": "5774733417658378",
      "side": "sell",
      "size": "3252.6",
      "symbol": "MGT-USDT",
      "takerOrderId": "67485b725e5d4c00079800ad",
      "time": "1732795250114000000",
      "tradeId": "5774733417658378",
      "type": "match",
      "time_received": "12:00:50.1589"
    },
    {
      "makerOrderId": "67485b71b38d120007ef8ff3",
      "price": "0.07553",
      "sequence": "5774733417658381",
      "side": "sell",
      "size": "653.2",
      "symbol": "MGT-USDT",
      "takerOrderId": "67485b725e5d4c00079800ad",
      "time": "1732795250114000000",
      "tradeId": "5774733417658381",
      "type": "match",
      "time_received": "12:00:50.1591"
    },
    {
      "makerOrderId": "67485b71b26bfb0007503241",
      "price": "0.07553",
      "sequence": "5774733417658384",
      "side": "sell",
      "size": "653.2",
      "symbol": "MGT-USDT",
      "takerOrderId": "67485b725e5d4c00079800ad",
      "time": "1732795250114000000",
      "tradeId": "5774733417658384",
      "type": "match",
      "time_received": "12:00:50.1591"
    },
    {
      "makerOrderId": "67485b71b38d120007ef9009",
      "price": "0.07553",
      "sequence": "5774733417658387",
      "side": "sell",
      "size": "653.2",
      "symbol": "MGT-USDT",
      "takerOrderId": "67485b725e5d4c00079800ad",
      "time": "1732795250114000000",
      "tradeId": "5774733417658387",
      "type": "match",
      "time_received": "12:00:50.1593"
    },
    {
      "makerOrderId": "67485b7014a8920007fc539c",
      "price": "0.075",
      "sequence": "5774733417658390",
      "side": "sell",
      "size": "1927.4",
      "symbol": "MGT-USDT",
      "takerOrderId": "67485b725e5d4c00079800ad",
      "time": "1732795250114000000",
      "tradeId": "5774733417658390",
      "type": "match",
      "time_received": "12:00:50.1593"
    },
    {
      "makerOrderId": "67485b6a5e5d4c000797d84f",
      "price": "0.07474",
      "sequence": "5774733417658393",
      "side": "sell",
      "size": "274.8",
      "symbol": "MGT-USDT",
      "takerOrderId": "67485b725e5d4c00079800ad",
      "time": "1732795250114000000",
      "tradeId": "5774733417658393",
      "type": "match",
      "time_received": "12:00:50.1593"
    },
    {
      "makerOrderId": "67485b729e4e40000739317c",
      "price": "0.07473",
      "sequence": "5774733471922177",
      "side": "buy",
      "size": "1328.7",
      "symbol": "MGT-USDT",
      "takerOrderId": "67485b72f61fa00007de4233",
      "time": "1732795250270000000",
      "tradeId": "5774733471922177",
      "type": "match",
      "time_received": "12:00:50.3138"
    },
    {
      "makerOrderId": "67485b725e5d4c00079800ad",
      "price": "0.07474",
      "sequence": "5774733471922180",
      "side": "buy",
      "size": "337.7",
      "symbol": "MGT-USDT",
      "takerOrderId": "67485b72f61fa00007de4233",
      "time": "1732795250270000000",
      "tradeId": "5774733471922180",
      "type": "match",
      "time_received": "12:00:50.3139"
    },
    {
      "makerOrderId": "67485b7214a8920007fc5b0b",
      "price": "0.07473",
      "sequence": "5774733719779329",
      "side": "buy",
      "size": "706.6",
      "symbol": "MGT-USDT",
      "takerOrderId": "67485b729e4e4000073934f9",
      "time": "1732795250918000000",
      "tradeId": "5774733719779329",
      "type": "match",
      "time_received": "12:00:50.9608"
    },
    {
      "makerOrderId": "67485b725e5d4c0007980230",
      "price": "0.07473",
      "sequence": "5774733719779332",
      "side": "buy",
      "size": "43.7",
      "symbol": "MGT-USDT",
      "takerOrderId": "67485b729e4e4000073934f9",
      "time": "1732795250918000000",
      "tradeId": "5774733719779332",
      "type": "match",
      "time_received": "12:00:50.9610"
    },
    {
      "makerOrderId": "67485b725e5d4c0007980230",
      "price": "0.07473",
      "sequence": "5774733863303169",
      "side": "buy",
      "size": "51.6",
      "symbol": "MGT-USDT",
      "takerOrderId": "67485b73ef434f0007090df1",
      "time": "1732795251304000000",
      "tradeId": "5774733863303169",
      "type": "match",
      "time_received": "12:00:51.3478"
    },
    {
      "makerOrderId": "67485b711adbea0007247e24",
      "price": "0.07404",
      "sequence": "5774734012463105",
      "side": "sell",
      "size": "13.5",
      "symbol": "MGT-USDT",
      "takerOrderId": "67485b73a69a4c0007cb402d",
      "time": "1732795251680000000",
      "tradeId": "5774734012463105",
      "type": "match",
      "time_received": "12:00:51.7578"
    },
    {
      "makerOrderId": "67485b72725fc600077bb68f",
      "price": "0.07388",
      "sequence": "5774734012463108",
      "side": "sell",
      "size": "16.7",
      "symbol": "MGT-USDT",
      "takerOrderId": "67485b73a69a4c0007cb402d",
      "time": "1732795251680000000",
      "tradeId": "5774734012463108",
      "type": "match",
      "time_received": "12:00:51.7579"
    },
    {
      "makerOrderId": "67485b72e21c7400070628e5",
      "price": "0.07388",
      "sequence": "5774734012463111",
      "side": "sell",
      "size": "16.8",
      "symbol": "MGT-USDT",
      "takerOrderId": "67485b73a69a4c0007cb402d",
      "time": "1732795251680000000",
      "tradeId": "5774734012463111",
      "type": "match",
      "time_received": "12:00:51.7580"
    },
    {
      "makerOrderId": "67485b72b38d120007ef92eb",
      "price": "0.07388",
      "sequence": "5774734012463114",
      "side": "sell",
      "size": "16.8",
      "symbol": "MGT-USDT",
      "takerOrderId": "67485b73a69a4c0007cb402d",
      "time": "1732795251680000000",
      "tradeId": "5774734012463114",
      "type": "match",
      "time_received": "12:00:51.7580"
    },
    {
      "makerOrderId": "67485b5ef61fa00007ddcb55",
      "price": "0.07387",
      "sequence": "5774734012463117",
      "side": "sell",
      "size": "198.5",
      "symbol": "MGT-USDT",
      "takerOrderId": "67485b73a69a4c0007cb402d",
      "time": "1732795251680000000",
      "tradeId": "5774734012463117",
      "type": "match",
      "time_received": "12:00:51.7581"
    },
    {
      "makerOrderId": "67485b5ef61fa00007ddcb55",
      "price": "0.07387",
      "sequence": "5774734302263297",
      "side": "sell",
      "size": "1391.6",
      "symbol": "MGT-USDT",
      "takerOrderId": "67485b74b26bfb00075040d7",
      "time": "1732795252274000000",
      "tradeId": "5774734302263297",
      "type": "match",
      "time_received": "12:00:52.4464"
    },
    {
      "makerOrderId": "67485b725e5d4c0007980230",
      "price": "0.07473",
      "sequence": "5774734368323585",
      "side": "buy",
      "size": "25.1",
      "symbol": "MGT-USDT",
      "takerOrderId": "67485b741adbea0007248ddf",
      "time": "1732795252474000000",
      "tradeId": "5774734368323585",
      "type": "match",
      "time_received": "12:00:52.5257"
    },
    {
      "makerOrderId": "67485b5ef61fa00007ddcb55",
      "price": "0.07387",
      "sequence": "5774734395062273",
      "side": "sell",
      "size": "912.5",
      "symbol": "MGT-USDT",
      "takerOrderId": "67485b74725fc600077bc352",
      "time": "1732795252544000000",
      "tradeId": "5774734395062273",
      "type": "match",
      "time_received": "12:00:52.5882"
    },
    {
      "makerOrderId": "67485b5ef61fa00007ddcb55",
      "price": "0.07387",
      "sequence": "5774734449981441",
      "side": "sell",
      "size": "686.8",
      "symbol": "MGT-USDT",
      "takerOrderId": "67485b74dcdd7b00078ba6c7",
      "time": "1732795252718000000",
      "tradeId": "5774734449981441",
      "type": "match",
      "time_received": "12:00:52.8431"
    },
    {
      "makerOrderId": "67485b725e5d4c0007980230",
      "price": "0.07473",
      "sequence": "5774734484846593",
      "side": "buy",
      "size": "1190.2",
      "symbol": "MGT-USDT",
      "takerOrderId": "67485b74754b1e00072c2426",
      "time": "1732795252794000000",
      "tradeId": "5774734484846593",
      "type": "match",
      "time_received": "12:00:52.8432"
    },
    {
      "makerOrderId": "67485b725e5d4c00079800ad",
      "price": "0.07474",
      "sequence": "5774734484846596",
      "side": "buy",
      "size": "16932.4",
      "symbol": "MGT-USDT",
      "takerOrderId": "67485b74754b1e00072c2426",
      "time": "1732795252794000000",
      "tradeId": "5774734484846596",
      "type": "match",
      "time_received": "12:00:52.8433"
    },
    {
      "makerOrderId": "67485b5ef61fa00007ddcb55",
      "price": "0.07387",
      "sequence": "5774734629812225",
      "side": "sell",
      "size": "543.2",
      "symbol": "MGT-USDT",
      "takerOrderId": "67485b755a5550000782b8d9",
      "time": "1732795253106000000",
      "tradeId": "5774734629812225",
      "type": "match",
      "time_received": "12:00:53.1484"
    },
    {
      "makerOrderId": "67485b5ef61fa00007ddcb55",
      "price": "0.07387",
      "sequence": "5774734917646337",
      "side": "sell",
      "size": "1172.9",
      "symbol": "MGT-USDT",
      "takerOrderId": "67485b75725fc600077bcbec",
      "time": "1732795253893000000",
      "tradeId": "5774734917646337",
      "type": "match",
      "time_received": "12:00:53.9374"
    },
    {
      "makerOrderId": "67485b5ef61fa00007ddcb55",
      "price": "0.07387",
      "sequence": "5774735208495105",
      "side": "sell",
      "size": "543.1",
      "symbol": "MGT-USDT",
      "takerOrderId": "67485b76754b1e00072c302f",
      "time": "1732795254819000000",
      "tradeId": "5774735208495105",
      "type": "match",
      "time_received": "12:00:54.8668"
    },
    {
      "makerOrderId": "67485b5ef61fa00007ddcb55",
      "price": "0.07387",
      "sequence": "5774735263152129",
      "side": "sell",
      "size": "1040.6",
      "symbol": "MGT-USDT",
      "takerOrderId": "67485b76e21c740007064305",
      "time": "1732795254886000000",
      "tradeId": "5774735263152129",
      "type": "match",
      "time_received": "12:00:54.9256"
    },
    {
      "makerOrderId": "67485b725e5d4c00079800ad",
      "price": "0.07474",
      "sequence": "5774735411394561",
      "side": "buy",
      "size": "1061.7",
      "symbol": "MGT-USDT",
      "takerOrderId": "67485b77f61fa00007de5df0",
      "time": "1732795255230000000",
      "tradeId": "5774735411394561",
      "type": "match",
      "time_received": "12:00:55.2769"
    },
    {
      "makerOrderId": "67485b78439c100007525da6",
      "price": "0.07471",
      "sequence": "5774736142645249",
      "side": "buy",
      "size": "11.8",
      "symbol": "MGT-USDT",
      "takerOrderId": "67485b795e5d4c00079827dd",
      "time": "1732795257245000000",
      "tradeId": "5774736142645249",
      "type": "match",
      "time_received": "12:00:57.2899"
    },
    {
      "makerOrderId": "67485b79439c10000752601a",
      "price": "0.0747",
      "sequence": "5774736274503681",
      "side": "buy",
      "size": "660.4",
      "symbol": "MGT-USDT",
      "takerOrderId": "67485b79f61fa00007de6a52",
      "time": "1732795257556000000",
      "tradeId": "5774736274503681",
      "type": "match",
      "time_received": "12:00:57.6062"
    },
    {
      "makerOrderId": "67485b79b38d120007efb8d7",
      "price": "0.0747",
      "sequence": "5774736274503684",
      "side": "buy",
      "size": "672.1",
      "symbol": "MGT-USDT",
      "takerOrderId": "67485b79f61fa00007de6a52",
      "time": "1732795257556000000",
      "tradeId": "5774736274503684",
      "type": "match",
      "time_received": "12:00:57.6063"
    },
    {
      "makerOrderId": "67485b79e21c740007064f69",
      "price": "0.0747",
      "sequence": "5774736274503687",
      "side": "buy",
      "size": "672.2",
      "symbol": "MGT-USDT",
      "takerOrderId": "67485b79f61fa00007de6a52",
      "time": "1732795257556000000",
      "tradeId": "5774736274503687",
      "type": "match",
      "time_received": "12:00:57.6064"
    },
    {
      "makerOrderId": "67485b725e5d4c00079800ad",
      "price": "0.07474",
      "sequence": "5774736274503690",
      "side": "buy",
      "size": "5989.4",
      "symbol": "MGT-USDT",
      "takerOrderId": "67485b79f61fa00007de6a52",
      "time": "1732795257556000000",
      "tradeId": "5774736274503690",
      "type": "match",
      "time_received": "12:00:57.6064"
    },
    {
      "makerOrderId": "67485b7b8b053b00075e9e83",
      "price": "0.07392",
      "sequence": "5774737377867777",
      "side": "sell",
      "size": "672.7",
      "symbol": "MGT-USDT",
      "takerOrderId": "67485b7c5e5d4c00079839ee",
      "time": "1732795260380000000",
      "tradeId": "5774737377867777",
      "type": "match",
      "time_received": "12:01:00.4434"
    },
    {
      "makerOrderId": "67485b7bf61fa00007de769e",
      "price": "0.07392",
      "sequence": "5774737377867780",
      "side": "sell",
      "size": "672.7",
      "symbol": "MGT-USDT",
      "takerOrderId": "67485b7c5e5d4c00079839ee",
      "time": "1732795260380000000",
      "tradeId": "5774737377867780",
      "type": "match",
      "time_received": "12:01:00.4435"
    },
    {
      "makerOrderId": "67485b7bb6d508000725669f",
      "price": "0.07392",
      "sequence": "5774737377867783",
      "side": "sell",
      "size": "50.8",
      "symbol": "MGT-USDT",
      "takerOrderId": "67485b7c5e5d4c00079839ee",
      "time": "1732795260380000000",
      "tradeId": "5774737377867783",
      "type": "match",
      "time_received": "12:01:00.4435"
    },
    {
      "makerOrderId": "67485b7d9e4e40000739763f",
      "price": "0.07471",
      "sequence": "5774738129958913",
      "side": "buy",
      "size": "93.9",
      "symbol": "MGT-USDT",
      "takerOrderId": "67485b7d754b1e00072c5d0f",
      "time": "1732795261762000000",
      "tradeId": "5774738129958913",
      "type": "match",
      "time_received": "12:01:01.8453"
    },
    {
      "makerOrderId": "67485b7f5a5550000782fa35",
      "price": "0.07468",
      "sequence": "5774738984679425",
      "side": "buy",
      "size": "13.3",
      "symbol": "MGT-USDT",
      "takerOrderId": "67485b7f754b1e00072c6ab8",
      "time": "1732795263407000000",
      "tradeId": "5774738984679425",
      "type": "match",
      "time_received": "12:01:03.4877"
    },
    {
      "makerOrderId": "67485b85a69a4c0007cbba6f",
      "price": "0.07402",
      "sequence": "5774741899458561",
      "side": "sell",
      "size": "621.9",
      "symbol": "MGT-USDT",
      "takerOrderId": "67485b86f61fa00007dec6b7",
      "time": "1732795270245000000",
      "tradeId": "5774741899458561",
      "type": "match",
      "time_received": "12:01:10.2862"
    },
    {
      "makerOrderId": "67485b85dcdd7b00078c1b23",
      "price": "0.07401",
      "sequence": "5774741899458564",
      "side": "sell",
      "size": "378.1",
      "symbol": "MGT-USDT",
      "takerOrderId": "67485b86f61fa00007dec6b7",
      "time": "1732795270245000000",
      "tradeId": "5774741899458564",
      "type": "match",
      "time_received": "12:01:10.2864"
    },
    {
      "makerOrderId": "67485b86b6d508000725b6e1",
      "price": "0.07401",
      "sequence": "5774742025680897",
      "side": "sell",
      "size": "180",
      "symbol": "MGT-USDT",
      "takerOrderId": "67485b86f61fa00007dec88c",
      "time": "1732795270618000000",
      "tradeId": "5774742025680897",
      "type": "match",
      "time_received": "12:01:10.6635"
    },
    {
      "makerOrderId": "67485b86b26bfb000750be9a",
      "price": "0.07401",
      "sequence": "5774743016454145",
      "side": "sell",
      "size": "1328.7",
      "symbol": "MGT-USDT",
      "takerOrderId": "67485b88812d4000075f7b20",
      "time": "1732795272856000000",
      "tradeId": "5774743016454145",
      "type": "match",
      "time_received": "12:01:12.9173"
    },
    {
      "makerOrderId": "67485b7de21c740007066f03",
      "price": "0.074",
      "sequence": "5774743016454148",
      "side": "sell",
      "size": "1410.4",
      "symbol": "MGT-USDT",
      "takerOrderId": "67485b88812d4000075f7b20",
      "time": "1732795272856000000",
      "tradeId": "5774743016454148",
      "type": "match",
      "time_received": "12:01:12.9174"
    },
    {
      "makerOrderId": "67485b5ef61fa00007ddcb55",
      "price": "0.07387",
      "sequence": "5774743016454151",
      "side": "sell",
      "size": "6783.7",
      "symbol": "MGT-USDT",
      "takerOrderId": "67485b88812d4000075f7b20",
      "time": "1732795272856000000",
      "tradeId": "5774743016454151",
      "type": "match",
      "time_received": "12:01:12.9174"
    },
    {
      "makerOrderId": "67485b7b5a5550000782dcef",
      "price": "0.07387",
      "sequence": "5774743016454154",
      "side": "sell",
      "size": "997.4",
      "symbol": "MGT-USDT",
      "takerOrderId": "67485b88812d4000075f7b20",
      "time": "1732795272856000000",
      "tradeId": "5774743016454154",
      "type": "match",
      "time_received": "12:01:12.9174"
    },
    {
      "makerOrderId": "67485b88812d4000075f7b20",
      "price": "0.07387",
      "sequence": "5774743098243073",
      "side": "buy",
      "size": "201.6",
      "symbol": "MGT-USDT",
      "takerOrderId": "67485b899e4e40000739c7e8",
      "time": "1732795273028000000",
      "tradeId": "5774743098243073",
      "type": "match",
      "time_received": "12:01:13.0725"
    },
    {
      "makerOrderId": "67485b8cb6d508000725e065",
      "price": "0.07387",
      "sequence": "5774745171015681",
      "side": "sell",
      "size": "217",
      "symbol": "MGT-USDT",
      "takerOrderId": "67485b8d14a8920007fd12db",
      "time": "1732795277702000000",
      "tradeId": "5774745171015681",
      "type": "match",
      "time_received": "12:01:17.7777"
    },
    {
      "makerOrderId": "67485b8cb6d508000725e065",
      "price": "0.07387",
      "sequence": "5774745628456961",
      "side": "sell",
      "size": "53.7",
      "symbol": "MGT-USDT",
      "takerOrderId": "67485b8e14a8920007fd1b77",
      "time": "1732795278844000000",
      "tradeId": "5774745628456961",
      "type": "match",
      "time_received": "12:01:18.8840"
    },
    {
      "makerOrderId": "67485b8ce21c74000706dac9",
      "price": "0.07387",
      "sequence": "5774745628456964",
      "side": "sell",
      "size": "407.9",
      "symbol": "MGT-USDT",
      "takerOrderId": "67485b8e14a8920007fd1b77",
      "time": "1732795278844000000",
      "tradeId": "5774745628456964",
      "type": "match",
      "time_received": "12:01:18.8881"
    },
    {
      "makerOrderId": "67485b5f33b8f30007d55bae",
      "price": "0.07367",
      "sequence": "5774747201714177",
      "side": "sell",
      "size": "131.6",
      "symbol": "MGT-USDT",
      "takerOrderId": "67485b932033a50007ee1dc8",
      "time": "1732795283111000000",
      "tradeId": "5774747201714177",
      "type": "match",
      "time_received": "12:01:23.1514"
    },
    {
      "makerOrderId": "67485b8e14a8920007fd1b77",
      "price": "0.07387",
      "sequence": "5774747279964161",
      "side": "buy",
      "size": "1289.4",
      "symbol": "MGT-USDT",
      "takerOrderId": "67485b935a5550000783819a",
      "time": "1732795283297000000",
      "tradeId": "5774747279964161",
      "type": "match",
      "time_received": "12:01:23.3411"
    },
    {
      "makerOrderId": "67485b8e14a8920007fd1b77",
      "price": "0.07387",
      "sequence": "5774747552724993",
      "side": "buy",
      "size": "173.7",
      "symbol": "MGT-USDT",
      "takerOrderId": "67485b94b6d5080007260fb1",
      "time": "1732795284092000000",
      "tradeId": "5774747552724993",
      "type": "match",
      "time_received": "12:01:24.1343"
    },
    {
      "makerOrderId": "67485b9c1adbea0007258c10",
      "price": "0.07369",
      "sequence": "5774750713264129",
      "side": "sell",
      "size": "611",
      "symbol": "MGT-USDT",
      "takerOrderId": "67485b9c9e4e4000073a3c3b",
      "time": "1732795292949000000",
      "tradeId": "5774750713264129",
      "type": "match",
      "time_received": "12:01:32.9915"
    },
    {
      "makerOrderId": "67485b5f33b8f30007d55bae",
      "price": "0.07367",
      "sequence": "5774750713264132",
      "side": "sell",
      "size": "468.4",
      "symbol": "MGT-USDT",
      "takerOrderId": "67485b9c9e4e4000073a3c3b",
      "time": "1732795292949000000",
      "tradeId": "5774750713264132",
      "type": "match",
      "time_received": "12:01:32.9915"
    },
    {
      "makerOrderId": "67485b9c33b8f30007d6d9ce",
      "price": "0.07304",
      "sequence": "5774750713264135",
      "side": "sell",
      "size": "1328.7",
      "symbol": "MGT-USDT",
      "takerOrderId": "67485b9c9e4e4000073a3c3b",
      "time": "1732795292949000000",
      "tradeId": "5774750713264135",
      "type": "match",
      "time_received": "12:01:32.9916"
    },
    {
      "makerOrderId": "67485b9c754b1e00072d1ed6",
      "price": "0.07303",
      "sequence": "5774750713264138",
      "side": "sell",
      "size": "1355.5",
      "symbol": "MGT-USDT",
      "takerOrderId": "67485b9c9e4e4000073a3c3b",
      "time": "1732795292949000000",
      "tradeId": "5774750713264138",
      "type": "match",
      "time_received": "12:01:32.9916"
    },
    {
      "makerOrderId": "67485b9033b8f30007d696e1",
      "price": "0.073",
      "sequence": "5774750795708417",
      "side": "sell",
      "size": "463.8",
      "symbol": "MGT-USDT",
      "takerOrderId": "67485b9db6d5080007263e58",
      "time": "1732795293190000000",
      "tradeId": "5774750795708417",
      "type": "match",
      "time_received": "12:01:33.2348"
    },
    {
      "makerOrderId": "67485b6d812d4000075ecb0e",
      "price": "0.0716",
      "sequence": "5774750795708420",
      "side": "sell",
      "size": "111.7",
      "symbol": "MGT-USDT",
      "takerOrderId": "67485b9db6d5080007263e58",
      "time": "1732795293190000000",
      "tradeId": "5774750795708420",
      "type": "match",
      "time_received": "12:01:33.2349"
    },
    {
      "makerOrderId": "67485b9c33b8f30007d6d9dc",
      "price": "0.07063",
      "sequence": "5774750795708423",
      "side": "sell",
      "size": "141.1",
      "symbol": "MGT-USDT",
      "takerOrderId": "67485b9db6d5080007263e58",
      "time": "1732795293190000000",
      "tradeId": "5774750795708423",
      "type": "match",
      "time_received": "12:01:33.2349"
    },
    {
      "makerOrderId": "67485b9db6d5080007263ddd",
      "price": "0.07054",
      "sequence": "5774750795708426",
      "side": "sell",
      "size": "1355.5",
      "symbol": "MGT-USDT",
      "takerOrderId": "67485b9db6d5080007263e58",
      "time": "1732795293190000000",
      "tradeId": "5774750795708426",
      "type": "match",
      "time_received": "12:01:33.2350"
    },
    {
      "makerOrderId": "67485b9d33b8f30007d6daef",
      "price": "0.07054",
      "sequence": "5774750795708429",
      "side": "sell",
      "size": "771.3",
      "symbol": "MGT-USDT",
      "takerOrderId": "67485b9db6d5080007263e58",
      "time": "1732795293190000000",
      "tradeId": "5774750795708429",
      "type": "match",
      "time_received": "12:01:33.2352"
    },
    {
      "makerOrderId": "67485b631adbea00072420d9",
      "price": "0.07053",
      "sequence": "5774750795708432",
      "side": "sell",
      "size": "425.3",
      "symbol": "MGT-USDT",
      "takerOrderId": "67485b9db6d5080007263e58",
      "time": "1732795293190000000",
      "tradeId": "5774750795708432",
      "type": "match",
      "time_received": "12:01:33.2353"
    },
    {
      "makerOrderId": "67485b6a9e4e400007390337",
      "price": "0.07053",
      "sequence": "5774750795708435",
      "side": "sell",
      "size": "63.8",
      "symbol": "MGT-USDT",
      "takerOrderId": "67485b9db6d5080007263e58",
      "time": "1732795293190000000",
      "tradeId": "5774750795708435",
      "type": "match",
      "time_received": "12:01:33.2353"
    },
    {
      "makerOrderId": "67485b7f812d4000075f3566",
      "price": "0.07053",
      "sequence": "5774750795708438",
      "side": "sell",
      "size": "424.9",
      "symbol": "MGT-USDT",
      "takerOrderId": "67485b9db6d5080007263e58",
      "time": "1732795293190000000",
      "tradeId": "5774750795708438",
      "type": "match",
      "time_received": "12:01:33.2353"
    },
    {
      "makerOrderId": "67485b90812d4000075fb0db",
      "price": "0.07053",
      "sequence": "5774750795708441",
      "side": "sell",
      "size": "184.3",
      "symbol": "MGT-USDT",
      "takerOrderId": "67485b9db6d5080007263e58",
      "time": "1732795293190000000",
      "tradeId": "5774750795708441",
      "type": "match",
      "time_received": "12:01:33.2354"
    },
    {
      "makerOrderId": "67485b69725fc600077b819c",
      "price": "0.068",
      "sequence": "5774750795708444",
      "side": "sell",
      "size": "2205.8",
      "symbol": "MGT-USDT",
      "takerOrderId": "67485b9db6d5080007263e58",
      "time": "1732795293190000000",
      "tradeId": "5774750795708444",
      "type": "match",
      "time_received": "12:01:33.2355"
    },
    {
      "makerOrderId": "67485b9db6d5080007263f6a",
      "price": "0.07301",
      "sequence": "5774750916032513",
      "side": "buy",
      "size": "934.2",
      "symbol": "MGT-USDT",
      "takerOrderId": "67485b9de21c740007073650",
      "time": "1732795293585000000",
      "tradeId": "5774750916032513",
      "type": "match",
      "time_received": "12:01:33.6282"
    },
    {
      "makerOrderId": "67485b9c9e4e4000073a3c3b",
      "price": "0.07302",
      "sequence": "5774750916032516",
      "side": "buy",
      "size": "297.2",
      "symbol": "MGT-USDT",
      "takerOrderId": "67485b9de21c740007073650",
      "time": "1732795293585000000",
      "tradeId": "5774750916032516",
      "type": "match",
      "time_received": "12:01:33.6283"
    },
    {
      "makerOrderId": "67485b9d5e5d4c0007990f39",
      "price": "0.073",
      "sequence": "5774751075547137",
      "side": "buy",
      "size": "187.5",
      "symbol": "MGT-USDT",
      "takerOrderId": "67485b9d2033a50007ee547e",
      "time": "1732795294000000000",
      "tradeId": "5774751075547137",
      "type": "match",
      "time_received": "12:01:34.0432"
    },
    {
      "makerOrderId": "67485ba0dcdd7b00078cb704",
      "price": "0.07293",
      "sequence": "5774752017561601",
      "side": "buy",
      "size": "1328.7",
      "symbol": "MGT-USDT",
      "takerOrderId": "67485ba0dcdd7b00078cb792",
      "time": "1732795296629000000",
      "tradeId": "5774752017561601",
      "type": "match",
      "time_received": "12:01:36.6733"
    },
    {
      "makerOrderId": "67485ba0f61fa00007df5e48",
      "price": "0.07293",
      "sequence": "5774752017561604",
      "side": "buy",
      "size": "7.6",
      "symbol": "MGT-USDT",
      "takerOrderId": "67485ba0dcdd7b00078cb792",
      "time": "1732795296629000000",
      "tradeId": "5774752017561604",
      "type": "match",
      "time_received": "12:01:36.6734"
    },
    {
      "makerOrderId": "67485b9e439c100007534a43",
      "price": "0.071",
      "sequence": "5774752411695105",
      "side": "sell",
      "size": "70.4",
      "symbol": "MGT-USDT",
      "takerOrderId": "67485ba1812d40000760078d",
      "time": "1732795297653000000",
      "tradeId": "5774752411695105",
      "type": "match",
      "time_received": "12:01:37.6957"
    },
    {
      "makerOrderId": "67485bac725fc600077d149e",
      "price": "0.06084",
      "sequence": "5774756375836673",
      "side": "sell",
      "size": "582.3",
      "symbol": "MGT-USDT",
      "takerOrderId": "67485bac725fc600077d15ca",
      "time": "1732795308236000000",
      "tradeId": "5774756375836673",
      "type": "match",
      "time_received": "12:01:48.2721"
    },
    {
      "makerOrderId": "67485bad9e4e4000073a9b77",
      "price": "0.0611",
      "sequence": "5774757057804289",
      "side": "sell",
      "size": "1070.1",
      "symbol": "MGT-USDT",
      "takerOrderId": "67485baeb6d5080007269d8f",
      "time": "1732795310038000000",
      "tradeId": "5774757057804289",
      "type": "match",
      "time_received": "12:01:50.0800"
    },
    {
      "makerOrderId": "67485badf61fa00007dfabbd",
      "price": "0.0609",
      "sequence": "5774757057804292",
      "side": "sell",
      "size": "88.2",
      "symbol": "MGT-USDT",
      "takerOrderId": "67485baeb6d5080007269d8f",
      "time": "1732795310038000000",
      "tradeId": "5774757057804292",
      "type": "match",
      "time_received": "12:01:50.0802"
    },
    {
      "makerOrderId": "67485bad812d400007604fe3",
      "price": "0.0609",
      "sequence": "5774757057804295",
      "side": "sell",
      "size": "1104.8",
      "symbol": "MGT-USDT",
      "takerOrderId": "67485baeb6d5080007269d8f",
      "time": "1732795310038000000",
      "tradeId": "5774757057804295",
      "type": "match",
      "time_received": "12:01:50.0803"
    },
    {
      "makerOrderId": "67485bada69a4c0007cca11c",
      "price": "0.0609",
      "sequence": "5774757057804298",
      "side": "sell",
      "size": "88.2",
      "symbol": "MGT-USDT",
      "takerOrderId": "67485baeb6d5080007269d8f",
      "time": "1732795310038000000",
      "tradeId": "5774757057804298",
      "type": "match",
      "time_received": "12:01:50.0805"
    },
    {
      "makerOrderId": "67485badef434f00070a7157",
      "price": "0.06089",
      "sequence": "5774757057804301",
      "side": "sell",
      "size": "446.7",
      "symbol": "MGT-USDT",
      "takerOrderId": "67485baeb6d5080007269d8f",
      "time": "1732795310038000000",
      "tradeId": "5774757057804301",
      "type": "match",
      "time_received": "12:01:50.0806"
    },
    {
      "makerOrderId": "67485ba79e4e4000073a7228",
      "price": "0.0606",
      "sequence": "5774757057804304",
      "side": "sell",
      "size": "1290.6",
      "symbol": "MGT-USDT",
      "takerOrderId": "67485baeb6d5080007269d8f",
      "time": "1732795310038000000",
      "tradeId": "5774757057804304",
      "type": "match",
      "time_received": "12:01:50.0841"
    },
    {
      "makerOrderId": "67485b4114a8920007fb04a5",
      "price": "0.06",
      "sequence": "5774757057804307",
      "side": "sell",
      "size": "750",
      "symbol": "MGT-USDT",
      "takerOrderId": "67485baeb6d5080007269d8f",
      "time": "1732795310038000000",
      "tradeId": "5774757057804307",
      "type": "match",
      "time_received": "12:01:50.0841"
    },
    {
      "makerOrderId": "67485b7a439c1000075264e1",
      "price": "0.055",
      "sequence": "5774757057804310",
      "side": "sell",
      "size": "2745.4",
      "symbol": "MGT-USDT",
      "takerOrderId": "67485baeb6d5080007269d8f",
      "time": "1732795310038000000",
      "tradeId": "5774757057804310",
      "type": "match",
      "time_received": "12:01:50.0842"
    },
    {
      "makerOrderId": "67485bae8b053b00075fd806",
      "price": "0.069",
      "sequence": "5774757262014465",
      "side": "buy",
      "size": "24.8",
      "symbol": "MGT-USDT",
      "takerOrderId": "67485bae754b1e00072d836a",
      "time": "1732795310530000000",
      "tradeId": "5774757262014465",
      "type": "match",
      "time_received": "12:01:50.5745"
    },
    {
      "makerOrderId": "67485bae9e4e4000073aa0cc",
      "price": "0.06899",
      "sequence": "5774758253049857",
      "side": "buy",
      "size": "100",
      "symbol": "MGT-USDT",
      "takerOrderId": "67485bb09e4e4000073aad95",
      "time": "1732795312974000000",
      "tradeId": "5774758253049857",
      "type": "match",
      "time_received": "12:01:53.0231"
    },
    {
      "makerOrderId": "67485bb28b053b00075fed21",
      "price": "0.06893",
      "sequence": "5774758823737345",
      "side": "buy",
      "size": "39.4",
      "symbol": "MGT-USDT",
      "takerOrderId": "67485bb2a69a4c0007ccb985",
      "time": "1732795314293000000",
      "tradeId": "5774758823737345",
      "type": "match",
      "time_received": "12:01:54.4939"
    },
    {
      "makerOrderId": "67485bb3dcdd7b00078d2561",
      "price": "0.0522",
      "sequence": "5774759373977601",
      "side": "sell",
      "size": "11.6",
      "symbol": "MGT-USDT",
      "takerOrderId": "67485bb3b38d120007f11d36",
      "time": "1732795315512000000",
      "tradeId": "5774759373977601",
      "type": "match",
      "time_received": "12:01:55.5893"
    },
    {
      "makerOrderId": "67485bb5dcdd7b00078d3136",
      "price": "0.06497",
      "sequence": "5774760142714881",
      "side": "buy",
      "size": "829.8",
      "symbol": "MGT-USDT",
      "takerOrderId": "67485bb5dcdd7b00078d3135",
      "time": "1732795317602000000",
      "tradeId": "5774760142714881",
      "type": "match",
      "time_received": "12:01:57.6381"
    },
    {
      "makerOrderId": "67485bb5b6d508000726c75e",
      "price": "0.06498",
      "sequence": "5774760142714884",
      "side": "buy",
      "size": "164.6",
      "symbol": "MGT-USDT",
      "takerOrderId": "67485bb5dcdd7b00078d3135",
      "time": "1732795317602000000",
      "tradeId": "5774760142714884",
      "type": "match",
      "time_received": "12:01:57.6629"
    },
    {
      "makerOrderId": "67485bb55e5d4c00079998e0",
      "price": "0.06499",
      "sequence": "5774760347449345",
      "side": "buy",
      "size": "602.5",
      "symbol": "MGT-USDT",
      "takerOrderId": "67485bb6b38d120007f12b0b",
      "time": "1732795318223000000",
      "tradeId": "5774760347449345",
      "type": "match",
      "time_received": "12:01:58.2637"
    },
    {
      "makerOrderId": "67485bb614a8920007fdf490",
      "price": "0.06499",
      "sequence": "5774760347449348",
      "side": "buy",
      "size": "815.3",
      "symbol": "MGT-USDT",
      "takerOrderId": "67485bb6b38d120007f12b0b",
      "time": "1732795318223000000",
      "tradeId": "5774760347449348",
      "type": "match",
      "time_received": "12:01:58.2638"
    },
    {
      "makerOrderId": "67485bb8b38d120007f13a51",
      "price": "0.06488",
      "sequence": "5774761463265281",
      "side": "buy",
      "size": "11",
      "symbol": "MGT-USDT",
      "takerOrderId": "67485bb833b8f30007d7780e",
      "time": "1732795320770000000",
      "tradeId": "5774761463265281",
      "type": "match",
      "time_received": "12:02:00.8115"
    },
    {
      "makerOrderId": "67485bbb1adbea0007263b64",
      "price": "0.06396",
      "sequence": "5774763222775809",
      "side": "buy",
      "size": "10",
      "symbol": "MGT-USDT",
      "takerOrderId": "67485bbc439c10000753fb47",
      "time": "1732795324945000000",
      "tradeId": "5774763222775809",
      "type": "match",
      "time_received": "12:02:04.9844"
    },
    {
      "makerOrderId": "67485bc2ef434f00070aec5e",
      "price": "0.06",
      "sequence": "5774766818211841",
      "side": "buy",
      "size": "11.6",
      "symbol": "MGT-USDT",
      "takerOrderId": "67485bc5b6d5080007272a6c",
      "time": "1732795333742000000",
      "tradeId": "5774766818211841",
      "type": "match",
      "time_received": "12:02:13.7894"
    },
    {
      "makerOrderId": "67485bc55a55500007849d5b",
      "price": "0.06285",
      "sequence": "5774766818211844",
      "side": "buy",
      "size": "1250.2",
      "symbol": "MGT-USDT",
      "takerOrderId": "67485bc5b6d5080007272a6c",
      "time": "1732795333742000000",
      "tradeId": "5774766818211844",
      "type": "match",
      "time_received": "12:02:13.7895"
    },
    {
      "makerOrderId": "67485bc5b6d5080007272807",
      "price": "0.06286",
      "sequence": "5774766818211847",
      "side": "buy",
      "size": "760.9",
      "symbol": "MGT-USDT",
      "takerOrderId": "67485bc5b6d5080007272a6c",
      "time": "1732795333742000000",
      "tradeId": "5774766818211847",
      "type": "match",
      "time_received": "12:02:13.7897"
    },
    {
      "makerOrderId": "67485bc5e21c740007081d9b",
      "price": "0.06286",
      "sequence": "5774766818211850",
      "side": "buy",
      "size": "565.5",
      "symbol": "MGT-USDT",
      "takerOrderId": "67485bc5b6d5080007272a6c",
      "time": "1732795333742000000",
      "tradeId": "5774766818211850",
      "type": "match",
      "time_received": "12:02:13.7897"
    },
    {
      "makerOrderId": "67485bc5b38d120007f18786",
      "price": "0.06286",
      "sequence": "5774766818211853",
      "side": "buy",
      "size": "760.9",
      "symbol": "MGT-USDT",
      "takerOrderId": "67485bc5b6d5080007272a6c",
      "time": "1732795333742000000",
      "tradeId": "5774766818211853",
      "type": "match",
      "time_received": "12:02:13.7898"
    },
    {
      "makerOrderId": "67485bc49e4e4000073b2347",
      "price": "0.06287",
      "sequence": "5774766818211856",
      "side": "buy",
      "size": "580.7",
      "symbol": "MGT-USDT",
      "takerOrderId": "67485bc5b6d5080007272a6c",
      "time": "1732795333742000000",
      "tradeId": "5774766818211856",
      "type": "match",
      "time_received": "12:02:13.7900"
    },
    {
      "makerOrderId": "67485bc55e5d4c000799f577",
      "price": "0.06287",
      "sequence": "5774766818211859",
      "side": "buy",
      "size": "272.1",
      "symbol": "MGT-USDT",
      "takerOrderId": "67485bc5b6d5080007272a6c",
      "time": "1732795333742000000",
      "tradeId": "5774766818211859",
      "type": "match",
      "time_received": "12:02:13.7900"
    },
    {
      "makerOrderId": "67485bbf754b1e00072de514",
      "price": "0.063",
      "sequence": "5774766818211862",
      "side": "buy",
      "size": "645.3",
      "symbol": "MGT-USDT",
      "takerOrderId": "67485bc5b6d5080007272a6c",
      "time": "1732795333742000000",
      "tradeId": "5774766818211862",
      "type": "match",
      "time_received": "12:02:13.7901"
    },
    {
      "makerOrderId": "67485bc5b6d5080007272a6c",
      "price": "0.06488",
      "sequence": "5774766860548097",
      "side": "sell",
      "size": "256.5",
      "symbol": "MGT-USDT",
      "takerOrderId": "67485bc533b8f30007d7c85f",
      "time": "1732795333860000000",
      "tradeId": "5774766860548097",
      "type": "match",
      "time_received": "12:02:13.9029"
    },
    {
      "makerOrderId": "67485bc5812d40000760ddb2",
      "price": "0.05267",
      "sequence": "5774768017913857",
      "side": "sell",
      "size": "391.1",
      "symbol": "MGT-USDT",
      "takerOrderId": "67485bc833b8f30007d7d812",
      "time": "1732795336634000000",
      "tradeId": "5774768017913857",
      "type": "match",
      "time_received": "12:02:16.8675"
    },
    {
      "makerOrderId": "67485bc8dcdd7b00078da1d2",
      "price": "0.05254",
      "sequence": "5774768017913860",
      "side": "sell",
      "size": "608.9",
      "symbol": "MGT-USDT",
      "takerOrderId": "67485bc833b8f30007d7d812",
      "time": "1732795336634000000",
      "tradeId": "5774768017913860",
      "type": "match",
      "time_received": "12:02:16.8676"
    },
    {
      "makerOrderId": "67485bc533b8f30007d7c85f",
      "price": "0.05999",
      "sequence": "5774768831477761",
      "side": "buy",
      "size": "162",
      "symbol": "MGT-USDT",
      "takerOrderId": "67485bcadcdd7b00078dae0b",
      "time": "1732795338598000000",
      "tradeId": "5774768831477761",
      "type": "match",
      "time_received": "12:02:18.6426"
    },
    {
      "makerOrderId": "67485bc533b8f30007d7c85f",
      "price": "0.05999",
      "sequence": "5774769030838273",
      "side": "buy",
      "size": "63.2",
      "symbol": "MGT-USDT",
      "takerOrderId": "67485bcb812d40000760fb73",
      "time": "1732795339094000000",
      "tradeId": "5774769030838273",
      "type": "match",
      "time_received": "12:02:19.1544"
    },
    {
      "makerOrderId": "67485bce725fc600077dda5e",
      "price": "0.05999",
      "sequence": "5774772978595841",
      "side": "buy",
      "size": "166.1",
      "symbol": "MGT-USDT",
      "takerOrderId": "67485bd5754b1e00072e5dfa",
      "time": "1732795349973000000",
      "tradeId": "5774772978595841",
      "type": "match",
      "time_received": "12:02:30.0138"
    },
    {
      "makerOrderId": "67485bce725fc600077dda5e",
      "price": "0.05999",
      "sequence": "5774774211459073",
      "side": "buy",
      "size": "69.7",
      "symbol": "MGT-USDT",
      "takerOrderId": "67485bd9b38d120007f1ec46",
      "time": "1732795353357000000",
      "tradeId": "5774774211459073",
      "type": "match",
      "time_received": "12:02:33.4020"
    },
    {
      "makerOrderId": "67485bd9b38d120007f1ec46",
      "price": "0.05999",
      "sequence": "5774775799658497",
      "side": "sell",
      "size": "163.6",
      "symbol": "MGT-USDT",
      "takerOrderId": "67485bdd725fc600077e2860",
      "time": "1732795357228000000",
      "tradeId": "5774775799658497",
      "type": "match",
      "time_received": "12:02:37.3348"
    },
    {
      "makerOrderId": "67485bc85e5d4c00079a0757",
      "price": "0.06208",
      "sequence": "5774776776669185",
      "side": "buy",
      "size": "11.4",
      "symbol": "MGT-USDT",
      "takerOrderId": "67485bde1adbea00072706ec",
      "time": "1732795359002000000",
      "tradeId": "5774776776669185",
      "type": "match",
      "time_received": "12:02:39.0474"
    },
    {
      "makerOrderId": "67485bc85e5d4c00079a0757",
      "price": "0.06208",
      "sequence": "5774778080442369",
      "side": "buy",
      "size": "171",
      "symbol": "MGT-USDT",
      "takerOrderId": "67485be11adbea0007271cab",
      "time": "1732795361820000000",
      "tradeId": "5774778080442369",
      "type": "match",
      "time_received": "12:02:42.0885"
    },
    {
      "makerOrderId": "67485bc85e5d4c00079a0757",
      "price": "0.06208",
      "sequence": "5774779629582337",
      "side": "buy",
      "size": "13.2",
      "symbol": "MGT-USDT",
      "takerOrderId": "67485be55a555000078558ea",
      "time": "1732795365598000000",
      "tradeId": "5774779629582337",
      "type": "match",
      "time_received": "12:02:45.8117"
    },
    {
      "makerOrderId": "67485bc8a69a4c0007cd3ea7",
      "price": "0.06208",
      "sequence": "5774779629582340",
      "side": "buy",
      "size": "195.5",
      "symbol": "MGT-USDT",
      "takerOrderId": "67485be55a555000078558ea",
      "time": "1732795365598000000",
