{
  "metadata": {
    "symbol": "STNK",
    "channel": "match",
    "start_time": "11:59:30.0000",
    "release_time": "12:00:00.0000",
    "end_time": "12:20:00.0000",
    "total_messages": 421,
    "final_snapshot": {
      "time": "12:20:00.1390",
      "symbol": "STNK-USDT",
      "price_high": "450.01",
      "price_last": "332.4",
      "price_low": "240",
      "price_avg": null,
      "volValue_USDT": "24350.67067"
    }
  },
  "data": [
    {
      "price": "240",
      "sequence": "5975053866776577",
      "side": "sell",
      "size": "0.001",
      "symbol": "STNK-USDT",
      "time": "1733313600000000000",
      "tradeId": "5975053866776577",
      "type": "match",
      "time_received": "12:00:00.2350"
    },
    {
      "makerOrderId": "675044418338b90007f11d3e",
      "price": "450.01",
      "sequence": "5975057048418305",
      "side": "sell",
      "size": "0.049",
      "symbol": "STNK-USDT",
      "takerOrderId": "67504446a398ab000743d75d",
      "time": "1733313606702000000",
      "tradeId": "5975057048418305",
      "type": "match",
      "time_received": "12:00:06.7539"
    },
    {
      "makerOrderId": "67504440e775000007c521d0",
      "price": "450",
      "sequence": "5975057048418308",
      "side": "sell",
      "size": "0.2",
      "symbol": "STNK-USDT",
      "takerOrderId": "67504446a398ab000743d75d",
      "time": "1733313606702000000",
      "tradeId": "5975057048418308",
      "type": "match",
      "time_received": "12:00:06.7540"
    },
    {
      "makerOrderId": "67504445e775000007c54c3b",
      "price": "435.08",
      "sequence": "5975057048418311",
      "side": "sell",
      "size": "0.104",
      "symbol": "STNK-USDT",
      "takerOrderId": "67504446a398ab000743d75d",
      "time": "1733313606702000000",
      "tradeId": "5975057048418311",
      "type": "match",
      "time_received": "12:00:06.7541"
    },
    {
      "makerOrderId": "67504445ecb8b200075ae3c3",
      "price": "435.08",
      "sequence": "5975057048418314",
      "side": "sell",
      "size": "0.104",
      "symbol": "STNK-USDT",
      "takerOrderId": "67504446a398ab000743d75d",
      "time": "1733313606702000000",
      "tradeId": "5975057048418314",
      "type": "match",
      "time_received": "12:00:06.7542"
    },
    {
      "makerOrderId": "675044452e6b3a0007ed0581",
      "price": "427.62",
      "sequence": "5975057048418317",
      "side": "sell",
      "size": "0.104",
      "symbol": "STNK-USDT",
      "takerOrderId": "67504446a398ab000743d75d",
      "time": "1733313606702000000",
      "tradeId": "5975057048418317",
      "type": "match",
      "time_received": "12:00:06.7542"
    },
    {
      "makerOrderId": "67504440a398ab0007439f5b",
      "price": "400",
      "sequence": "5975059210057729",
      "side": "sell",
      "size": "0.2",
      "symbol": "STNK-USDT",
      "takerOrderId": "6750444aaef36e0007567046",
      "time": "1733313610880000000",
      "tradeId": "5975059210057729",
      "type": "match",
      "time_received": "12:00:10.9307"
    },
    {
      "makerOrderId": "67504440e775000007c521c5",
      "price": "380",
      "sequence": "5975062563403777",
      "side": "sell",
      "size": "0.06",
      "symbol": "STNK-USDT",
      "takerOrderId": "675044523ecf430007106da9",
      "time": "1733313618236000000",
      "tradeId": "5975062563403777",
      "type": "match",
      "time_received": "12:00:18.2873"
    },
    {
      "makerOrderId": "675044523ecf430007106da9",
      "price": "380",
      "sequence": "5975062635100161",
      "side": "buy",
      "size": "1.157",
      "symbol": "STNK-USDT",
      "takerOrderId": "67504452fd80ce00072ef2ea",
      "time": "1733313618390000000",
      "tradeId": "5975062635100161",
      "type": "match",
      "time_received": "12:00:18.4404"
    },
    {
      "makerOrderId": "6750445bf51790000789a417",
      "price": "350.14",
      "sequence": "5975067164948481",
      "side": "sell",
      "size": "0.033",
      "symbol": "STNK-USDT",
      "takerOrderId": "6750445bb1d2ab000738b32e",
      "time": "1733313627973000000",
      "tradeId": "5975067164948481",
      "type": "match",
      "time_received": "12:00:28.0253"
    },
    {
      "makerOrderId": "6750445bff2a9e0007c02429",
      "price": "350.14",
      "sequence": "5975067164948484",
      "side": "sell",
      "size": "0.033",
      "symbol": "STNK-USDT",
      "takerOrderId": "6750445bb1d2ab000738b32e",
      "time": "1733313627973000000",
      "tradeId": "5975067164948484",
      "type": "match",
      "time_received": "12:00:28.0254"
    },
    {
      "makerOrderId": "6750445b3ecf43000710b6b8",
      "price": "350.14",
      "sequence": "5975067164948487",
      "side": "sell",
      "size": "0.033",
      "symbol": "STNK-USDT",
      "takerOrderId": "6750445bb1d2ab000738b32e",
      "time": "1733313627973000000",
      "tradeId": "5975067164948487",
      "type": "match",
      "time_received": "12:00:28.0255"
    },
    {
      "makerOrderId": "6750445b1e1c9e0007ff9560",
      "price": "350.11",
      "sequence": "5975067164948490",
      "side": "sell",
      "size": "0.087",
      "symbol": "STNK-USDT",
      "takerOrderId": "6750445bb1d2ab000738b32e",
      "time": "1733313627973000000",
      "tradeId": "5975067164948490",
      "type": "match",
      "time_received": "12:00:28.0256"
    },
    {
      "makerOrderId": "67504440ecb8b200075ab781",
      "price": "350",
      "sequence": "5975067164948493",
      "side": "sell",
      "size": "1",
      "symbol": "STNK-USDT",
      "takerOrderId": "6750445bb1d2ab000738b32e",
      "time": "1733313627973000000",
      "tradeId": "5975067164948493",
      "type": "match",
      "time_received": "12:00:28.0256"
    },
    {
      "makerOrderId": "6750446b41bdfd00074d075b",
      "price": "352.4",
      "sequence": "5975079694383105",
      "side": "buy",
      "size": "0.028",
      "symbol": "STNK-USDT",
      "takerOrderId": "67504479ce816c00077ef590",
      "time": "1733313657210000000",
      "tradeId": "5975079694383105",
      "type": "match",
      "time_received": "12:00:57.2610"
    },
    {
      "makerOrderId": "6750447a716ab300079f5aa1",
      "price": "350.03",
      "sequence": "5975080931440641",
      "side": "sell",
      "size": "0.002",
      "symbol": "STNK-USDT",
      "takerOrderId": "6750447c9574f30007bcec43",
      "time": "1733313660225000000",
      "tradeId": "5975080931440641",
      "type": "match",
      "time_received": "12:01:00.2735"
    },
    {
      "makerOrderId": "6750447a9574f30007bce143",
      "price": "350.03",
      "sequence": "5975080931440644",
      "side": "sell",
      "size": "0.002",
      "symbol": "STNK-USDT",
      "takerOrderId": "6750447c9574f30007bcec43",
      "time": "1733313660225000000",
      "tradeId": "5975080931440644",
      "type": "match",
      "time_received": "12:01:00.2786"
    },
    {
      "makerOrderId": "67504489ce816c00077f6e17",
      "price": "348.02",
      "sequence": "5975087158933505",
      "side": "sell",
      "size": "0.004",
      "symbol": "STNK-USDT",
      "takerOrderId": "6750448941bdfd00074dd6a2",
      "time": "1733313673071000000",
      "tradeId": "5975087158933505",
      "type": "match",
      "time_received": "12:01:13.1252"
    },
    {
      "makerOrderId": "675044893bb37e000724feb9",
      "price": "348.02",
      "sequence": "5975087158933508",
      "side": "sell",
      "size": "0.004",
      "symbol": "STNK-USDT",
      "takerOrderId": "6750448941bdfd00074dd6a2",
      "time": "1733313673071000000",
      "tradeId": "5975087158933508",
      "type": "match",
      "time_received": "12:01:13.1253"
    },
    {
      "makerOrderId": "67504487ff2a9e0007c15d0d",
      "price": "348.01",
      "sequence": "5975087158933511",
      "side": "sell",
      "size": "0.006",
      "symbol": "STNK-USDT",
      "takerOrderId": "6750448941bdfd00074dd6a2",
      "time": "1733313673071000000",
      "tradeId": "5975087158933511",
      "type": "match",
      "time_received": "12:01:13.1254"
    },
    {
      "makerOrderId": "67504483716ab300079f9c37",
      "price": "348",
      "sequence": "5975087158933514",
      "side": "sell",
      "size": "0.055",
      "symbol": "STNK-USDT",
      "takerOrderId": "6750448941bdfd00074dd6a2",
      "time": "1733313673071000000",
      "tradeId": "5975087158933514",
      "type": "match",
      "time_received": "12:01:13.1254"
    },
    {
      "makerOrderId": "6750448941bdfd00074dd6a2",
      "price": "348",
      "sequence": "5975087723722753",
      "side": "buy",
      "size": "2.161",
      "symbol": "STNK-USDT",
      "takerOrderId": "6750448aff2a9e0007c16f8e",
      "time": "1733313674363000000",
      "tradeId": "5975087723722753",
      "type": "match",
      "time_received": "12:01:14.4095"
    },
    {
      "makerOrderId": "675044acb1d2ab00073af0d4",
      "price": "343.95",
      "sequence": "5975102194595841",
      "side": "buy",
      "size": "0.143",
      "symbol": "STNK-USDT",
      "takerOrderId": "675044acce816c0007806ac4",
      "time": "1733313708895000000",
      "tradeId": "5975102194595841",
      "type": "match",
      "time_received": "12:01:48.9487"
    },
    {
      "makerOrderId": "675044aa41bdfd00074ec484",
      "price": "343.96",
      "sequence": "5975102194595844",
      "side": "buy",
      "size": "0.112",
      "symbol": "STNK-USDT",
      "takerOrderId": "675044acce816c0007806ac4",
      "time": "1733313708895000000",
      "tradeId": "5975102194595844",
      "type": "match",
      "time_received": "12:01:48.9488"
    },
    {
      "makerOrderId": "675044c5b1d2ab00073ba5ee",
      "price": "337.97",
      "sequence": "5975113277913089",
      "side": "buy",
      "size": "0.143",
      "symbol": "STNK-USDT",
      "takerOrderId": "675044c5f5179000078c9698",
      "time": "1733313733189000000",
      "tradeId": "5975113277913089",
      "type": "match",
      "time_received": "12:02:13.2394"
    },
    {
      "makerOrderId": "675044befe36bf0007d4f8ee",
      "price": "338",
      "sequence": "5975113277913092",
      "side": "buy",
      "size": "0.368",
      "symbol": "STNK-USDT",
      "takerOrderId": "675044c5f5179000078c9698",
      "time": "1733313733189000000",
      "tradeId": "5975113277913092",
      "type": "match",
      "time_received": "12:02:13.2395"
    },
    {
      "makerOrderId": "6750449faef36e000758ced7",
      "price": "346",
      "sequence": "5975113277913095",
      "side": "buy",
      "size": "0.354",
      "symbol": "STNK-USDT",
      "takerOrderId": "675044c5f5179000078c9698",
      "time": "1733313733189000000",
      "tradeId": "5975113277913095",
      "type": "match",
      "time_received": "12:02:13.2396"
    },
    {
      "makerOrderId": "675044c5fe36bf0007d52cf7",
      "price": "345.99",
      "sequence": "5975113827235841",
      "side": "buy",
      "size": "0.031",
      "symbol": "STNK-USDT",
      "takerOrderId": "675044c6fd80ce000732372a",
      "time": "1733313734433000000",
      "tradeId": "5975113827235841",
      "type": "match",
      "time_received": "12:02:14.4852"
    },
    {
      "makerOrderId": "6750449faef36e000758ced7",
      "price": "346",
      "sequence": "5975113827235844",
      "side": "buy",
      "size": "0.966",
      "symbol": "STNK-USDT",
      "takerOrderId": "675044c6fd80ce000732372a",
      "time": "1733313734433000000",
      "tradeId": "5975113827235844",
      "type": "match",
      "time_received": "12:02:14.4853"
    },
    {
      "makerOrderId": "675044db9574f30007bf8e2f",
      "price": "343.96",
      "sequence": "5975126694180865",
      "side": "sell",
      "size": "0.029",
      "symbol": "STNK-USDT",
      "takerOrderId": "675044e48338b90007f5a715",
      "time": "1733313764016000000",
      "tradeId": "5975126694180865",
      "type": "match",
      "time_received": "12:02:44.0625"
    },
    {
      "makerOrderId": "675044eefe36bf0007d63e60",
      "price": "337.91",
      "sequence": "5975132324247553",
      "side": "buy",
      "size": "0.232",
      "symbol": "STNK-USDT",
      "takerOrderId": "675044f3aef36e00075b137e",
      "time": "1733313779064000000",
      "tradeId": "5975132324247553",
      "type": "match",
      "time_received": "12:02:59.1143"
    },
    {
      "makerOrderId": "675044f6fd80ce00073376ef",
      "price": "337.82",
      "sequence": "5975134943721473",
      "side": "buy",
      "size": "0.739",
      "symbol": "STNK-USDT",
      "takerOrderId": "675044f9fe36bf0007d68497",
      "time": "1733313785627000000",
      "tradeId": "5975134943721473",
      "type": "match",
      "time_received": "12:03:05.6764"
    },
    {
      "makerOrderId": "675044e48338b90007f5a797",
      "price": "338.29",
      "sequence": "5975134943721476",
      "side": "buy",
      "size": "1.477",
      "symbol": "STNK-USDT",
      "takerOrderId": "675044f9fe36bf0007d68497",
      "time": "1733313785627000000",
      "tradeId": "5975134943721476",
      "type": "match",
      "time_received": "12:03:05.6765"
    },
    {
      "makerOrderId": "675044f941bdfd000750e522",
      "price": "341.01",
      "sequence": "5975134943721479",
      "side": "buy",
      "size": "0.087",
      "symbol": "STNK-USDT",
      "takerOrderId": "675044f9fe36bf0007d68497",
      "time": "1733313785627000000",
      "tradeId": "5975134943721479",
      "type": "match",
      "time_received": "12:03:05.6765"
    },
    {
      "makerOrderId": "675044e48338b90007f5a715",
      "price": "343.96",
      "sequence": "5975134943721482",
      "side": "buy",
      "size": "0.595",
      "symbol": "STNK-USDT",
      "takerOrderId": "675044f9fe36bf0007d68497",
      "time": "1733313785627000000",
      "tradeId": "5975134943721482",
      "type": "match",
      "time_received": "12:03:05.6766"
    },
    {
      "makerOrderId": "675044fc2e6b3a0007f2156b",
      "price": "337.64",
      "sequence": "5975136472676353",
      "side": "sell",
      "size": "0.579",
      "symbol": "STNK-USDT",
      "takerOrderId": "675044fcff2a9e0007c48cb2",
      "time": "1733313788953000000",
      "tradeId": "5975136472676353",
      "type": "match",
      "time_received": "12:03:09.0030"
    },
    {
      "makerOrderId": "675044fece816c0007829eb6",
      "price": "338.01",
      "sequence": "5975137000765441",
      "side": "buy",
      "size": "0.739",
      "symbol": "STNK-USDT",
      "takerOrderId": "675044fe2e6b3a0007f223b6",
      "time": "1733313790248000000",
      "tradeId": "5975137000765441",
      "type": "match",
      "time_received": "12:03:10.2976"
    },
    {
      "makerOrderId": "675044fefd061e000751ee62",
      "price": "338.49",
      "sequence": "5975137000765444",
      "side": "buy",
      "size": "0.274",
      "symbol": "STNK-USDT",
      "takerOrderId": "675044fe2e6b3a0007f223b6",
      "time": "1733313790248000000",
      "tradeId": "5975137000765444",
      "type": "match",
      "time_received": "12:03:10.2977"
    },
    {
      "makerOrderId": "6750450c8338b90007f6be50",
      "price": "337.83",
      "sequence": "5975143749924865",
      "side": "sell",
      "size": "0.739",
      "symbol": "STNK-USDT",
      "takerOrderId": "6750450decb8b20007607265",
      "time": "1733313805990000000",
      "tradeId": "5975143749924865",
      "type": "match",
      "time_received": "12:03:26.0388"
    },
    {
      "makerOrderId": "675044e1f5179000078d5155",
      "price": "337.2",
      "sequence": "5975143749924868",
      "side": "sell",
      "size": "1.422",
      "symbol": "STNK-USDT",
      "takerOrderId": "6750450decb8b20007607265",
      "time": "1733313805990000000",
      "tradeId": "5975143749924868",
      "type": "match",
      "time_received": "12:03:26.0390"
    },
    {
      "makerOrderId": "6750450c1e1c9e0007046d2d",
      "price": "338.25",
      "sequence": "5975145568679937",
      "side": "buy",
      "size": "0.002",
      "symbol": "STNK-USDT",
      "takerOrderId": "67504512a398ab00074972fe",
      "time": "1733313810084000000",
      "tradeId": "5975145568679937",
      "type": "match",
      "time_received": "12:03:30.1336"
    },
    {
      "makerOrderId": "67504510ff2a9e0007c514b9",
      "price": "337.83",
      "sequence": "5975145855596545",
      "side": "sell",
      "size": "0.028",
      "symbol": "STNK-USDT",
      "takerOrderId": "67504512fe36bf0007d73649",
      "time": "1733313810796000000",
      "tradeId": "5975145855596545",
      "type": "match",
      "time_received": "12:03:30.8460"
    },
    {
      "makerOrderId": "67504516fd061e000752999a",
      "price": "338.32",
      "sequence": "5975148536150017",
      "side": "buy",
      "size": "0.018",
      "symbol": "STNK-USDT",
      "takerOrderId": "67504519b1d2ab00073de395",
      "time": "1733313817443000000",
      "tradeId": "5975148536150017",
      "type": "match",
      "time_received": "12:03:37.4930"
    },
    {
      "makerOrderId": "6750451541bdfd000751ab9f",
      "price": "338.33",
      "sequence": "5975148536150020",
      "side": "buy",
      "size": "0.014",
      "symbol": "STNK-USDT",
      "takerOrderId": "67504519b1d2ab00073de395",
      "time": "1733313817443000000",
      "tradeId": "5975148536150020",
      "type": "match",
      "time_received": "12:03:37.4972"
    },
    {
      "makerOrderId": "6750451afd80ce0007346dc9",
      "price": "337.82",
      "sequence": "5975152274716673",
      "side": "sell",
      "size": "0.739",
      "symbol": "STNK-USDT",
      "takerOrderId": "675045223ecf430007161dac",
      "time": "1733313826285000000",
      "tradeId": "5975152274716673",
      "type": "match",
      "time_received": "12:03:46.3365"
    },
    {
      "makerOrderId": "6750451e41bdfd000751e517",
      "price": "337.4",
      "sequence": "5975152274716676",
      "side": "sell",
      "size": "0.438",
      "symbol": "STNK-USDT",
      "takerOrderId": "675045223ecf430007161dac",
      "time": "1733313826285000000",
      "tradeId": "5975152274716676",
      "type": "match",
      "time_received": "12:03:46.3366"
    },
    {
      "makerOrderId": "67504541716ab30007a4e2dd",
      "price": "340.99",
      "sequence": "5975189324838913",
      "side": "buy",
      "size": "0.001",
      "symbol": "STNK-USDT",
      "takerOrderId": "67504577b1d2ab000740912f",
      "time": "1733313911098000000",
      "tradeId": "5975189324838913",
      "type": "match",
      "time_received": "12:05:11.1500"
    },
    {
      "makerOrderId": "6750456b41bdfd0007541208",
      "price": "340.99",
      "sequence": "5975189324838916",
      "side": "buy",
      "size": "0.12",
      "symbol": "STNK-USDT",
      "takerOrderId": "67504577b1d2ab000740912f",
      "time": "1733313911098000000",
      "tradeId": "5975189324838916",
      "type": "match",
      "time_received": "12:05:11.1504"
    },
    {
      "makerOrderId": "6750456b41bdfd0007541208",
      "price": "340.99",
      "sequence": "5975189386573825",
      "side": "buy",
      "size": "0.016",
      "symbol": "STNK-USDT",
      "takerOrderId": "675045778338b90007f9c0a8",
      "time": "1733313911235000000",
      "tradeId": "5975189386573825",
      "type": "match",
      "time_received": "12:05:11.2828"
    },
    {
      "makerOrderId": "675045778338b90007f9c0a8",
      "price": "340.99",
      "sequence": "5975194172405761",
      "side": "sell",
      "size": "0.187",
      "symbol": "STNK-USDT",
      "takerOrderId": "67504581b1d2ab000740eac3",
      "time": "1733313921923000000",
      "tradeId": "5975194172405761",
      "type": "match",
      "time_received": "12:05:21.9723"
    },
    {
      "makerOrderId": "67504584716ab30007a6d663",
      "price": "340.93",
      "sequence": "5975199137937409",
      "side": "buy",
      "size": "0.165",
      "symbol": "STNK-USDT",
      "takerOrderId": "6750458dff2a9e0007c8ab2f",
      "time": "1733313933155000000",
      "tradeId": "5975199137937409",
      "type": "match",
      "time_received": "12:05:33.2074"
    },
    {
      "makerOrderId": "675045a0fd80ce0007386d07",
      "price": "340.35",
      "sequence": "5975208589408257",
      "side": "buy",
      "size": "0.006",
      "symbol": "STNK-USDT",
      "takerOrderId": "675045a0fe36bf0007db6cbe",
      "time": "1733313952987000000",
      "tradeId": "5975208589408257",
      "type": "match",
      "time_received": "12:05:53.0380"
    },
    {
      "makerOrderId": "675045a1ff2a9e0007c959b0",
      "price": "340.01",
      "sequence": "5975209137813505",
      "side": "buy",
      "size": "0.157",
      "symbol": "STNK-USDT",
      "takerOrderId": "675045a2aef36e0007602df4",
      "time": "1733313954204000000",
      "tradeId": "5975209137813505",
      "type": "match",
      "time_received": "12:05:54.2509"
    },
    {
      "makerOrderId": "675045583d4b3d0007a14fa2",
      "price": "337.4",
      "sequence": "5975219213580289",
      "side": "sell",
      "size": "0.007",
      "symbol": "STNK-USDT",
      "takerOrderId": "675045bab1d2ab000742adb5",
      "time": "1733313978641000000",
      "tradeId": "5975219213580289",
      "type": "match",
      "time_received": "12:06:18.6912"
    },
    {
      "makerOrderId": "675045b98338b90007fbcf9e",
      "price": "333.09",
      "sequence": "5975219213580292",
      "side": "sell",
      "size": "0.75",
      "symbol": "STNK-USDT",
      "takerOrderId": "675045bab1d2ab000742adb5",
      "time": "1733313978641000000",
      "tradeId": "5975219213580292",
      "type": "match",
      "time_received": "12:06:18.6913"
    },
    {
      "makerOrderId": "6750459eb1d2ab000741d635",
      "price": "332.52",
      "sequence": "5975219213580295",
      "side": "sell",
      "size": "1.502",
      "symbol": "STNK-USDT",
      "takerOrderId": "675045bab1d2ab000742adb5",
      "time": "1733313978641000000",
      "tradeId": "5975219213580295",
      "type": "match",
      "time_received": "12:06:18.6914"
    },
    {
      "makerOrderId": "675045999574f30007c5024d",
      "price": "331.95",
      "sequence": "5975219213580298",
      "side": "sell",
      "size": "1.505",
      "symbol": "STNK-USDT",
      "takerOrderId": "675045bab1d2ab000742adb5",
      "time": "1733313978641000000",
      "tradeId": "5975219213580298",
      "type": "match",
      "time_received": "12:06:18.6914"
    },
    {
      "makerOrderId": "67504594f51790000792687e",
      "price": "331.56",
      "sequence": "5975219213580301",
      "side": "sell",
      "size": "0.615",
      "symbol": "STNK-USDT",
      "takerOrderId": "675045bab1d2ab000742adb5",
      "time": "1733313978641000000",
      "tradeId": "5975219213580301",
      "type": "match",
      "time_received": "12:06:18.6915"
    },
    {
      "makerOrderId": "675045c51ed0d80007ad74af",
      "price": "333.1",
      "sequence": "5975225090455553",
      "side": "sell",
      "size": "0.4",
      "symbol": "STNK-USDT",
      "takerOrderId": "675045c9b1d2ab00074313fe",
      "time": "1733313993241000000",
      "tradeId": "5975225090455553",
      "type": "match",
      "time_received": "12:06:33.2889"
    },
    {
      "makerOrderId": "675045ac8338b90007fb74a8",
      "price": "339.98",
      "sequence": "5975227818588161",
      "side": "buy",
      "size": "0.047",
      "symbol": "STNK-USDT",
      "takerOrderId": "675045d0aef36e0007617a45",
      "time": "1733314000357000000",
      "tradeId": "5975227818588161",
      "type": "match",
      "time_received": "12:06:40.4089"
    },
    {
      "makerOrderId": "675045fdf5179000079587e4",
      "price": "333.38",
      "sequence": "5975248288102401",
      "side": "sell",
      "size": "0.006",
      "symbol": "STNK-USDT",
      "takerOrderId": "67504600f517900007959bf9",
      "time": "1733314048815000000",
      "tradeId": "5975248288102401",
      "type": "match",
      "time_received": "12:07:28.8630"
    },
    {
      "makerOrderId": "675046088338b90007fe140a",
      "price": "333.37",
      "sequence": "5975258338179073",
      "side": "sell",
      "size": "0.749",
      "symbol": "STNK-USDT",
      "takerOrderId": "6750461a7cf7ff00075c262a",
      "time": "1733314074312000000",
      "tradeId": "5975258338179073",
      "type": "match",
      "time_received": "12:07:54.3606"
    },
    {
      "makerOrderId": "675045f8ecb8b20007674ca6",
      "price": "332.89",
      "sequence": "5975258338179076",
      "side": "sell",
      "size": "1.501",
      "symbol": "STNK-USDT",
      "takerOrderId": "6750461a7cf7ff00075c262a",
      "time": "1733314074312000000",
      "tradeId": "5975258338179076",
      "type": "match",
      "time_received": "12:07:54.3607"
    },
    {
      "makerOrderId": "675045f3ecb8b20007672a5c",
      "price": "332.32",
      "sequence": "5975258338179079",
      "side": "sell",
      "size": "1.503",
      "symbol": "STNK-USDT",
      "takerOrderId": "6750461a7cf7ff00075c262a",
      "time": "1733314074312000000",
      "tradeId": "5975258338179079",
      "type": "match",
      "time_received": "12:07:54.3607"
    },
    {
      "makerOrderId": "675045bdfd061e0007578782",
      "price": "331.95",
      "sequence": "5975258338179082",
      "side": "sell",
      "size": "1.505",
      "symbol": "STNK-USDT",
      "takerOrderId": "6750461a7cf7ff00075c262a",
      "time": "1733314074312000000",
      "tradeId": "5975258338179082",
      "type": "match",
      "time_received": "12:07:54.3608"
    },
    {
      "makerOrderId": "67504602716ab30007aa8f62",
      "price": "330.98",
      "sequence": "5975258338179085",
      "side": "sell",
      "size": "2.823",
      "symbol": "STNK-USDT",
      "takerOrderId": "6750461a7cf7ff00075c262a",
      "time": "1733314074312000000",
      "tradeId": "5975258338179085",
      "type": "match",
      "time_received": "12:07:54.3609"
    },
    {
      "makerOrderId": "6750465cfd061e00075bfe0f",
      "price": "333",
      "sequence": "5975286369105921",
      "side": "buy",
      "size": "1.501",
      "symbol": "STNK-USDT",
      "takerOrderId": "6750465cb1d2ab0007473869",
      "time": "1733314140862000000",
      "tradeId": "5975286369105921",
      "type": "match",
      "time_received": "12:09:00.9100"
    },
    {
      "makerOrderId": "6750465cfd061e00075bfe0f",
      "price": "333",
      "sequence": "5975287205738497",
      "side": "buy",
      "size": "1.5",
      "symbol": "STNK-USDT",
      "takerOrderId": "6750465eecb8b200076a1d32",
      "time": "1733314142873000000",
      "tradeId": "5975287205738497",
      "type": "match",
      "time_received": "12:09:02.9249"
    },
    {
      "makerOrderId": "6750465cfd061e00075bfe0f",
      "price": "333",
      "sequence": "5975289828751361",
      "side": "buy",
      "size": "0.747",
      "symbol": "STNK-USDT",
      "takerOrderId": "675046643bb37e000732722b",
      "time": "1733314148746000000",
      "tradeId": "5975289828751361",
      "type": "match",
      "time_received": "12:09:08.7911"
    },
    {
      "makerOrderId": "6750465ffe36bf0007e0cc59",
      "price": "332.28",
      "sequence": "5975290823587841",
      "side": "sell",
      "size": "0.09",
      "symbol": "STNK-USDT",
      "takerOrderId": "675046673ecf4300071f7dbd",
      "time": "1733314151450000000",
      "tradeId": "5975290823587841",
      "type": "match",
      "time_received": "12:09:11.4956"
    },
    {
      "makerOrderId": "6750468aaef36e000766aedb",
      "price": "338",
      "sequence": "5975316604794881",
      "side": "buy",
      "size": "1.012",
      "symbol": "STNK-USDT",
      "takerOrderId": "675046a1716ab30007aee577",
      "time": "1733314209680000000",
      "tradeId": "5975316604794881",
      "type": "match",
      "time_received": "12:10:09.7318"
    },
    {
      "makerOrderId": "6750464f8338b90007000eeb",
      "price": "338.99",
      "sequence": "5975316604794884",
      "side": "buy",
      "size": "0.435",
      "symbol": "STNK-USDT",
      "takerOrderId": "675046a1716ab30007aee577",
      "time": "1733314209680000000",
      "tradeId": "5975316604794884",
      "type": "match",
      "time_received": "12:10:09.7319"
    },
    {
      "makerOrderId": "6750464f8338b90007000eeb",
      "price": "338.99",
      "sequence": "5975317396207617",
      "side": "buy",
      "size": "0.036",
      "symbol": "STNK-USDT",
      "takerOrderId": "675046a3a398ab000754e366",
      "time": "1733314211460000000",
      "tradeId": "5975317396207617",
      "type": "match",
      "time_received": "12:10:11.5143"
    },
    {
      "makerOrderId": "675046a341bdfd00075cfdf3",
      "price": "339.43",
      "sequence": "5975317396207620",
      "side": "buy",
      "size": "0.294",
      "symbol": "STNK-USDT",
      "takerOrderId": "675046a3a398ab000754e366",
      "time": "1733314211460000000",
      "tradeId": "5975317396207620",
      "type": "match",
      "time_received": "12:10:11.5144"
    },
    {
      "makerOrderId": "675046a0ff2a9e0007d072ff",
      "price": "340.01",
      "sequence": "5975317396207623",
      "side": "buy",
      "size": "0.734",
      "symbol": "STNK-USDT",
      "takerOrderId": "675046a3a398ab000754e366",
      "time": "1733314211460000000",
      "tradeId": "5975317396207623",
      "type": "match",
      "time_received": "12:10:11.5144"
    },
    {
      "makerOrderId": "67504698ecb8b200076baae9",
      "price": "340.57",
      "sequence": "5975317396207626",
      "side": "buy",
      "size": "0.383",
      "symbol": "STNK-USDT",
      "takerOrderId": "675046a3a398ab000754e366",
      "time": "1733314211460000000",
      "tradeId": "5975317396207626",
      "type": "match",
      "time_received": "12:10:11.5145"
    },
    {
      "makerOrderId": "675046a41e1c9e000710056f",
      "price": "339.52",
      "sequence": "5975317892708353",
      "side": "buy",
      "size": "0.294",
      "symbol": "STNK-USDT",
      "takerOrderId": "675046a43ecf430007212585",
      "time": "1733314212520000000",
      "tradeId": "5975317892708353",
      "type": "match",
      "time_received": "12:10:12.5715"
    },
    {
      "makerOrderId": "675046a4a398ab000754e90f",
      "price": "340.01",
      "sequence": "5975317892708356",
      "side": "buy",
      "size": "0.734",
      "symbol": "STNK-USDT",
      "takerOrderId": "675046a43ecf430007212585",
      "time": "1733314212520000000",
      "tradeId": "5975317892708356",
      "type": "match",
      "time_received": "12:10:12.5717"
    },
    {
      "makerOrderId": "67504698ecb8b200076baae9",
      "price": "340.57",
      "sequence": "5975317892708359",
      "side": "buy",
      "size": "0.419",
      "symbol": "STNK-USDT",
      "takerOrderId": "675046a43ecf430007212585",
      "time": "1733314212520000000",
      "tradeId": "5975317892708359",
      "type": "match",
      "time_received": "12:10:12.5717"
    },
    {
      "makerOrderId": "6750465ef517900007982c25",
      "price": "340.98",
      "sequence": "5975318386980865",
      "side": "buy",
      "size": "0.726",
      "symbol": "STNK-USDT",
      "takerOrderId": "675046a5fd80ce00073fb52d",
      "time": "1733314213531000000",
      "tradeId": "5975318386980865",
      "type": "match",
      "time_received": "12:10:13.5768"
    },
    {
      "makerOrderId": "675046a5ce816c00078ea4b6",
      "price": "339.52",
      "sequence": "5975318767876097",
      "side": "buy",
      "size": "0.294",
      "symbol": "STNK-USDT",
      "takerOrderId": "675046a6ecb8b200076c0fd1",
      "time": "1733314214338000000",
      "tradeId": "5975318767876097",
      "type": "match",
      "time_received": "12:10:14.3912"
    },
    {
      "makerOrderId": "675046a53bb37e00073434ad",
      "price": "340.01",
      "sequence": "5975318767876100",
      "side": "buy",
      "size": "0.734",
      "symbol": "STNK-USDT",
      "takerOrderId": "675046a6ecb8b200076c0fd1",
      "time": "1733314214338000000",
      "tradeId": "5975318767876100",
      "type": "match",
      "time_received": "12:10:14.3913"
    },
    {
      "makerOrderId": "675046a59574f30007cc89a4",
      "price": "340.57",
      "sequence": "5975318767876103",
      "side": "buy",
      "size": "0.427",
      "symbol": "STNK-USDT",
      "takerOrderId": "675046a6ecb8b200076c0fd1",
      "time": "1733314214338000000",
      "tradeId": "5975318767876103",
      "type": "match",
      "time_received": "12:10:14.3914"
    },
    {
      "makerOrderId": "675046a73ecf430007213ac5",
      "price": "339.61",
      "sequence": "5975319238555649",
      "side": "buy",
      "size": "0.294",
      "symbol": "STNK-USDT",
      "takerOrderId": "675046a7fd061e00075e089b",
      "time": "1733314215578000000",
      "tradeId": "5975319238555649",
      "type": "match",
      "time_received": "12:10:15.6240"
    },
    {
      "makerOrderId": "675046a7e775000007d67e9d",
      "price": "340.01",
      "sequence": "5975319238555652",
      "side": "buy",
      "size": "0.734",
      "symbol": "STNK-USDT",
      "takerOrderId": "675046a7fd061e00075e089b",
      "time": "1733314215578000000",
      "tradeId": "5975319238555652",
      "type": "match",
      "time_received": "12:10:15.6298"
    },
    {
      "makerOrderId": "675046a59574f30007cc89a4",
      "price": "340.57",
      "sequence": "5975319238555655",
      "side": "buy",
      "size": "0.406",
      "symbol": "STNK-USDT",
      "takerOrderId": "675046a7fd061e00075e089b",
      "time": "1733314215578000000",
      "tradeId": "5975319238555655",
      "type": "match",
      "time_received": "12:10:15.6300"
    },
    {
      "makerOrderId": "6750465ef517900007982c25",
      "price": "340.98",
      "sequence": "5975319510136833",
      "side": "buy",
      "size": "0.739",
      "symbol": "STNK-USDT",
      "takerOrderId": "675046a82e6b3a0007fe404f",
      "time": "1733314216108000000",
      "tradeId": "5975319510136833",
      "type": "match",
      "time_received": "12:10:16.1601"
    },
    {
      "makerOrderId": "6750465eaef36e0007657f67",
      "price": "342.4",
      "sequence": "5975319510136836",
      "side": "buy",
      "size": "0.709",
      "symbol": "STNK-USDT",
      "takerOrderId": "675046a82e6b3a0007fe404f",
      "time": "1733314216108000000",
      "tradeId": "5975319510136836",
      "type": "match",
      "time_received": "12:10:16.1602"
    },
    {
      "makerOrderId": "675046a81e1c9e0007102667",
      "price": "339.61",
      "sequence": "5975319891294209",
      "side": "buy",
      "size": "0.005",
      "symbol": "STNK-USDT",
      "takerOrderId": "675046a9a398ab0007550d3f",
      "time": "1733314217055000000",
      "tradeId": "5975319891294209",
      "type": "match",
      "time_received": "12:10:17.1055"
    },
    {
      "makerOrderId": "675046a81e1c9e0007102667",
      "price": "339.61",
      "sequence": "5975319978194945",
      "side": "buy",
      "size": "0.005",
      "symbol": "STNK-USDT",
      "takerOrderId": "675046a93ecf43000721483e",
      "time": "1733314217236000000",
      "tradeId": "5975319978194945",
      "type": "match",
      "time_received": "12:10:17.2856"
    },
    {
      "makerOrderId": "675046a81e1c9e0007102667",
      "price": "339.61",
      "sequence": "5975320006375425",
      "side": "buy",
      "size": "0.284",
      "symbol": "STNK-USDT",
      "takerOrderId": "675046a93bb37e0007345028",
      "time": "1733314217302000000",
      "tradeId": "5975320006375425",
      "type": "match",
      "time_received": "12:10:17.3512"
    },
    {
      "makerOrderId": "675046a8f5179000079a337c",
      "price": "340.01",
      "sequence": "5975320006375428",
      "side": "buy",
      "size": "0.439",
      "symbol": "STNK-USDT",
      "takerOrderId": "675046a93bb37e0007345028",
      "time": "1733314217302000000",
      "tradeId": "5975320006375428",
      "type": "match",
      "time_received": "12:10:17.3513"
    },
    {
      "makerOrderId": "675046ab7cf7ff00076029d1",
      "price": "339.55",
      "sequence": "5975321089554433",
      "side": "buy",
      "size": "0.005",
      "symbol": "STNK-USDT",
      "takerOrderId": "675046ab1e1c9e0007103f58",
      "time": "1733314219817000000",
      "tradeId": "5975321089554433",
      "type": "match",
      "time_received": "12:10:19.8685"
    },
    {
      "makerOrderId": "675046ab7cf7ff00076029d1",
      "price": "339.55",
      "sequence": "5975321220364289",
      "side": "buy",
      "size": "0.005",
      "symbol": "STNK-USDT",
      "takerOrderId": "675046ace775000007d6a2be",
      "time": "1733314220066000000",
      "tradeId": "5975321220364289",
      "type": "match",
      "time_received": "12:10:20.1184"
    },
    {
      "makerOrderId": "675046ab7cf7ff00076029d1",
      "price": "339.55",
      "sequence": "5975321323255809",
      "side": "buy",
      "size": "0.005",
      "symbol": "STNK-USDT",
      "takerOrderId": "675046acfd80ce00073fe886",
      "time": "1733314220278000000",
      "tradeId": "5975321323255809",
      "type": "match",
      "time_received": "12:10:20.3294"
    },
    {
      "makerOrderId": "675046ab7cf7ff00076029d1",
      "price": "339.55",
      "sequence": "5975321400588289",
      "side": "buy",
      "size": "0.005",
      "symbol": "STNK-USDT",
      "takerOrderId": "675046acff2a9e0007d0cf6d",
      "time": "1733314220465000000",
      "tradeId": "5975321400588289",
      "type": "match",
      "time_received": "12:10:20.5167"
    },
    {
      "makerOrderId": "675046ab7cf7ff00076029d1",
      "price": "339.55",
      "sequence": "5975321441744897",
      "side": "buy",
      "size": "0.274",
      "symbol": "STNK-USDT",
      "takerOrderId": "675046acecb8b200076c3fb3",
      "time": "1733314220553000000",
      "tradeId": "5975321441744897",
      "type": "match",
      "time_received": "12:10:20.6028"
    },
    {
      "makerOrderId": "675046aa1e1c9e0007103616",
      "price": "340.01",
      "sequence": "5975321441744900",
      "side": "buy",
      "size": "0.734",
      "symbol": "STNK-USDT",
      "takerOrderId": "675046acecb8b200076c3fb3",
      "time": "1733314220553000000",
      "tradeId": "5975321441744900",
      "type": "match",
      "time_received": "12:10:20.6029"
    },
    {
      "makerOrderId": "675046a83ecf4300072143df",
      "price": "340.57",
      "sequence": "5975321441744903",
      "side": "buy",
      "size": "0.443",
      "symbol": "STNK-USDT",
      "takerOrderId": "675046acecb8b200076c3fb3",
      "time": "1733314220553000000",
      "tradeId": "5975321441744903",
      "type": "match",
      "time_received": "12:10:20.6030"
    },
    {
      "makerOrderId": "675046a83ecf4300072143df",
      "price": "340.57",
      "sequence": "5975321496139777",
      "side": "buy",
      "size": "0.005",
      "symbol": "STNK-USDT",
      "takerOrderId": "675046ac3ecf430007216342",
      "time": "1733314220638000000",
      "tradeId": "5975321496139777",
      "type": "match",
      "time_received": "12:10:20.6893"
    },
    {
      "makerOrderId": "675046a83ecf4300072143df",
      "price": "340.57",
      "sequence": "5975321589200897",
      "side": "buy",
      "size": "0.005",
      "symbol": "STNK-USDT",
      "takerOrderId": "675046ac9574f30007ccc0da",
      "time": "1733314220863000000",
      "tradeId": "5975321589200897",
      "type": "match",
      "time_received": "12:10:20.9160"
    },
    {
      "makerOrderId": "675046a83ecf4300072143df",
      "price": "340.57",
      "sequence": "5975321674528769",
      "side": "buy",
      "size": "0.005",
      "symbol": "STNK-USDT",
      "takerOrderId": "675046ad8338b90007029918",
      "time": "1733314221039000000",
      "tradeId": "5975321674528769",
      "type": "match",
      "time_received": "12:10:21.0883"
    },
    {
      "makerOrderId": "675046a83ecf4300072143df",
      "price": "340.57",
      "sequence": "5975321735477249",
      "side": "buy",
      "size": "0.005",
      "symbol": "STNK-USDT",
      "takerOrderId": "675046adecb8b200076c4459",
      "time": "1733314221192000000",
      "tradeId": "5975321735477249",
      "type": "match",
      "time_received": "12:10:21.2418"
    },
    {
      "makerOrderId": "675046adaef36e000767a6c3",
      "price": "338.81",
      "sequence": "5975321814775809",
      "side": "buy",
      "size": "0.005",
      "symbol": "STNK-USDT",
      "takerOrderId": "675046adaef36e000767a832",
      "time": "1733314221390000000",
      "tradeId": "5975321814775809",
      "type": "match",
      "time_received": "12:10:21.4420"
    },
    {
      "makerOrderId": "675046adaef36e000767a6c3",
      "price": "338.81",
      "sequence": "5975321886603265",
      "side": "buy",
      "size": "0.005",
      "symbol": "STNK-USDT",
      "takerOrderId": "675046adfd80ce00073ff27f",
      "time": "1733314221618000000",
      "tradeId": "5975321886603265",
      "type": "match",
      "time_received": "12:10:21.6710"
    },
    {
      "makerOrderId": "675046adaef36e000767a6c3",
      "price": "338.81",
      "sequence": "5975321914783745",
      "side": "buy",
      "size": "0.005",
      "symbol": "STNK-USDT",
      "takerOrderId": "675046ada398ab00075531d1",
      "time": "1733314221702000000",
      "tradeId": "5975321914783745",
      "type": "match",
      "time_received": "12:10:21.7555"
    },
    {
      "makerOrderId": "675046adaef36e000767a6c3",
      "price": "338.81",
      "sequence": "5975322015315969",
      "side": "buy",
      "size": "0.005",
      "symbol": "STNK-USDT",
      "takerOrderId": "675046adecb8b200076c49e7",
      "time": "1733314221896000000",
      "tradeId": "5975322015315969",
      "type": "match",
      "time_received": "12:10:21.9493"
    },
    {
      "makerOrderId": "675046adaef36e000767a6c3",
      "price": "338.81",
      "sequence": "5975322221099009",
      "side": "buy",
      "size": "0.005",
      "symbol": "STNK-USDT",
      "takerOrderId": "675046aefd80ce00073ff7ee",
      "time": "1733314222211000000",
      "tradeId": "5975322221099009",
      "type": "match",
      "time_received": "12:10:22.2593"
    },
    {
      "makerOrderId": "675046adaef36e000767a6c3",
      "price": "338.81",
      "sequence": "5975322262517761",
      "side": "buy",
      "size": "0.005",
      "symbol": "STNK-USDT",
      "takerOrderId": "675046ae8338b9000702a37b",
      "time": "1733314222286000000",
      "tradeId": "5975322262517761",
      "type": "match",
      "time_received": "12:10:22.3348"
    },
    {
      "makerOrderId": "675046adaef36e000767a6c3",
      "price": "338.81",
      "sequence": "5975322321369089",
      "side": "buy",
      "size": "0.005",
      "symbol": "STNK-USDT",
      "takerOrderId": "675046aee775000007d6b55d",
      "time": "1733314222391000000",
      "tradeId": "5975322321369089",
      "type": "match",
      "time_received": "12:10:22.4387"
    },
    {
      "makerOrderId": "675046adaef36e000767a6c3",
      "price": "338.81",
      "sequence": "5975322402764801",
      "side": "buy",
      "size": "0.005",
      "symbol": "STNK-USDT",
      "takerOrderId": "675046ae3ecf43000721728f",
      "time": "1733314222558000000",
      "tradeId": "5975322402764801",
      "type": "match",
      "time_received": "12:10:22.6097"
    },
    {
      "makerOrderId": "675046adaef36e000767a6c3",
      "price": "338.81",
      "sequence": "5975322495563777",
      "side": "buy",
      "size": "0.005",
      "symbol": "STNK-USDT",
      "takerOrderId": "675046aeb1d2ab0007497b9d",
      "time": "1733314222782000000",
      "tradeId": "5975322495563777",
      "type": "match",
      "time_received": "12:10:22.8302"
    },
    {
      "makerOrderId": "675046adaef36e000767a6c3",
      "price": "338.81",
      "sequence": "5975322600814593",
      "side": "buy",
      "size": "0.005",
      "symbol": "STNK-USDT",
      "takerOrderId": "675046aeff2a9e0007d0e387",
      "time": "1733314222987000000",
      "tradeId": "5975322600814593",
      "type": "match",
      "time_received": "12:10:23.0370"
    },
    {
      "makerOrderId": "675046adaef36e000767a6c3",
      "price": "338.81",
      "sequence": "5975322672904193",
      "side": "buy",
      "size": "0.005",
      "symbol": "STNK-USDT",
      "takerOrderId": "675046af9574f30007ccd317",
      "time": "1733314223161000000",
      "tradeId": "5975322672904193",
      "type": "match",
      "time_received": "12:10:23.2130"
    },
    {
      "makerOrderId": "675046adaef36e000767a6c3",
      "price": "338.81",
      "sequence": "5975322758756353",
      "side": "buy",
      "size": "0.005",
      "symbol": "STNK-USDT",
      "takerOrderId": "675046af7cf7ff0007604683",
      "time": "1733314223363000000",
      "tradeId": "5975322758756353",
      "type": "match",
      "time_received": "12:10:23.4137"
    },
    {
      "makerOrderId": "675046adaef36e000767a6c3",
      "price": "338.81",
      "sequence": "5975322823636993",
      "side": "buy",
      "size": "0.005",
      "symbol": "STNK-USDT",
      "takerOrderId": "675046afce816c00078ef054",
      "time": "1733314223540000000",
      "tradeId": "5975322823636993",
      "type": "match",
      "time_received": "12:10:23.5883"
    },
    {
      "makerOrderId": "675046adaef36e000767a6c3",
      "price": "338.81",
      "sequence": "5975322897561601",
      "side": "buy",
      "size": "0.005",
      "symbol": "STNK-USDT",
      "takerOrderId": "675046af3bb37e0007348277",
      "time": "1733314223738000000",
      "tradeId": "5975322897561601",
      "type": "match",
      "time_received": "12:10:23.7876"
    },
    {
      "makerOrderId": "675046adaef36e000767a6c3",
      "price": "338.81",
      "sequence": "5975323071232001",
      "side": "buy",
      "size": "0.005",
      "symbol": "STNK-USDT",
      "takerOrderId": "675046b0fd80ce0007400615",
      "time": "1733314224112000000",
      "tradeId": "5975323071232001",
      "type": "match",
      "time_received": "12:10:24.1612"
    },
    {
      "makerOrderId": "675046adaef36e000767a6c3",
      "price": "338.81",
      "sequence": "5975323085780993",
      "side": "buy",
      "size": "0.005",
      "symbol": "STNK-USDT",
      "takerOrderId": "675046b041bdfd00075d627b",
      "time": "1733314224144000000",
      "tradeId": "5975323085780993",
      "type": "match",
      "time_received": "12:10:24.1927"
    },
    {
      "makerOrderId": "675046adaef36e000767a6c3",
      "price": "338.81",
      "sequence": "5975323129690113",
      "side": "buy",
      "size": "0.005",
      "symbol": "STNK-USDT",
      "takerOrderId": "675046b0f5179000079a6f13",
      "time": "1733314224271000000",
      "tradeId": "5975323129690113",
      "type": "match",
      "time_received": "12:10:24.3233"
    },
    {
      "makerOrderId": "675046adaef36e000767a6c3",
      "price": "338.81",
      "sequence": "5975323197454337",
      "side": "buy",
      "size": "0.005",
      "symbol": "STNK-USDT",
      "takerOrderId": "675046b0ecb8b200076c5db0",
      "time": "1733314224467000000",
      "tradeId": "5975323197454337",
      "type": "match",
      "time_received": "12:10:24.5187"
    },
    {
      "makerOrderId": "675046adaef36e000767a6c3",
      "price": "338.81",
      "sequence": "5975323268626433",
      "side": "buy",
      "size": "0.005",
      "symbol": "STNK-USDT",
      "takerOrderId": "675046b0a398ab00075548a1",
      "time": "1733314224665000000",
      "tradeId": "5975323268626433",
      "type": "match",
      "time_received": "12:10:24.7124"
    },
    {
      "makerOrderId": "675046adaef36e000767a6c3",
      "price": "338.81",
      "sequence": "5975323361949697",
      "side": "buy",
      "size": "0.005",
      "symbol": "STNK-USDT",
      "takerOrderId": "675046b0ce816c00078efa17",
      "time": "1733314224860000000",
      "tradeId": "5975323361949697",
      "type": "match",
      "time_received": "12:10:24.9089"
    },
    {
      "makerOrderId": "675046adaef36e000767a6c3",
      "price": "338.81",
      "sequence": "5975323470346241",
      "side": "buy",
      "size": "0.005",
      "symbol": "STNK-USDT",
      "takerOrderId": "675046b1aef36e000767c3b5",
      "time": "1733314225066000000",
      "tradeId": "5975323470346241",
      "type": "match",
      "time_received": "12:10:25.1162"
    },
    {
      "makerOrderId": "675046adaef36e000767a6c3",
      "price": "338.81",
      "sequence": "5975323656992769",
      "side": "buy",
      "size": "0.005",
      "symbol": "STNK-USDT",
      "takerOrderId": "675046b1ce816c00078eff57",
      "time": "1733314225465000000",
      "tradeId": "5975323656992769",
      "type": "match",
      "time_received": "12:10:25.5165"
    },
    {
      "makerOrderId": "675046adaef36e000767a6c3",
      "price": "338.81",
      "sequence": "5975323665643521",
      "side": "buy",
      "size": "0.005",
      "symbol": "STNK-USDT",
      "takerOrderId": "675046b18338b9000702bbba",
      "time": "1733314225495000000",
      "tradeId": "5975323665643521",
      "type": "match",
      "time_received": "12:10:25.5412"
    },
    {
      "makerOrderId": "675046adaef36e000767a6c3",
      "price": "338.81",
      "sequence": "5975323720169473",
      "side": "buy",
      "size": "0.005",
      "symbol": "STNK-USDT",
      "takerOrderId": "675046b1ff2a9e0007d0f705",
      "time": "1733314225663000000",
      "tradeId": "5975323720169473",
      "type": "match",
      "time_received": "12:10:25.7142"
    },
    {
      "makerOrderId": "675046adaef36e000767a6c3",
      "price": "338.81",
      "sequence": "5975323949152257",
      "side": "buy",
      "size": "0.005",
      "symbol": "STNK-USDT",
      "takerOrderId": "675046b2716ab30007af61a1",
      "time": "1733314226201000000",
      "tradeId": "5975323949152257",
      "type": "match",
      "time_received": "12:10:26.2518"
    },
    {
      "makerOrderId": "675046adaef36e000767a6c3",
      "price": "338.81",
      "sequence": "5975324030416897",
      "side": "buy",
      "size": "0.005",
      "symbol": "STNK-USDT",
      "takerOrderId": "675046b2fd061e00075e5b2a",
      "time": "1733314226424000000",
      "tradeId": "5975324030416897",
      "type": "match",
      "time_received": "12:10:26.4764"
    },
    {
      "makerOrderId": "675046adaef36e000767a6c3",
      "price": "338.81",
      "sequence": "5975324130031617",
      "side": "buy",
      "size": "0.005",
      "symbol": "STNK-USDT",
      "takerOrderId": "675046b241bdfd00075d743b",
      "time": "1733314226674000000",
      "tradeId": "5975324130031617",
      "type": "match",
      "time_received": "12:10:26.7246"
    },
    {
      "makerOrderId": "675046adaef36e000767a6c3",
      "price": "338.81",
      "sequence": "5975324239869953",
      "side": "buy",
      "size": "0.005",
      "symbol": "STNK-USDT",
      "takerOrderId": "675046b29574f30007ccedf2",
      "time": "1733314226919000000",
      "tradeId": "5975324239869953",
      "type": "match",
      "time_received": "12:10:26.9708"
    },
    {
      "makerOrderId": "675046adaef36e000767a6c3",
      "price": "338.81",
      "sequence": "5975324321134593",
      "side": "buy",
      "size": "0.005",
      "symbol": "STNK-USDT",
      "takerOrderId": "675046b3ecb8b200076c7090",
      "time": "1733314227135000000",
      "tradeId": "5975324321134593",
      "type": "match",
      "time_received": "12:10:27.1864"
    },
    {
      "makerOrderId": "675046adaef36e000767a6c3",
      "price": "338.81",
      "sequence": "5975324409870337",
      "side": "buy",
      "size": "0.005",
      "symbol": "STNK-USDT",
      "takerOrderId": "675046b3a398ab0007555bcf",
      "time": "1733314227325000000",
      "tradeId": "5975324409870337",
      "type": "match",
      "time_received": "12:10:27.3756"
    },
    {
      "makerOrderId": "675046ade775000007d6ab69",
      "price": "339.09",
      "sequence": "5975324489955329",
      "side": "buy",
      "size": "0.005",
      "symbol": "STNK-USDT",
      "takerOrderId": "675046b341bdfd00075d7b19",
      "time": "1733314227522000000",
      "tradeId": "5975324489955329",
      "type": "match",
      "time_received": "12:10:27.5716"
    },
    {
      "makerOrderId": "675046ade775000007d6ab69",
      "price": "339.09",
      "sequence": "5975324559292417",
      "side": "buy",
      "size": "0.005",
      "symbol": "STNK-USDT",
      "takerOrderId": "675046b3ecb8b200076c758d",
      "time": "1733314227708000000",
      "tradeId": "5975324559292417",
      "type": "match",
      "time_received": "12:10:27.7584"
    },
    {
      "makerOrderId": "675046ade775000007d6ab69",
      "price": "339.09",
      "sequence": "5975324667557889",
      "side": "buy",
      "size": "0.005",
      "symbol": "STNK-USDT",
      "takerOrderId": "675046b32e6b3a0007fe9adb",
      "time": "1733314227928000000",
      "tradeId": "5975324667557889",
      "type": "match",
      "time_received": "12:10:27.9745"
    },
    {
      "makerOrderId": "675046b4716ab30007af6f54",
      "price": "338.81",
      "sequence": "5975324767696897",
      "side": "buy",
      "size": "0.005",
      "symbol": "STNK-USDT",
      "takerOrderId": "675046b4aef36e000767db05",
      "time": "1733314228161000000",
      "tradeId": "5975324767696897",
      "type": "match",
      "time_received": "12:10:28.2083"
    },
    {
      "makerOrderId": "675046b4716ab30007af6f54",
      "price": "338.81",
      "sequence": "5975324910172161",
      "side": "buy",
      "size": "0.005",
      "symbol": "STNK-USDT",
      "takerOrderId": "675046b4fe36bf0007e323cb",
      "time": "1733314228509000000",
      "tradeId": "5975324910172161",
      "type": "match",
      "time_received": "12:10:28.5565"
    },
    {
      "makerOrderId": "675046b4716ab30007af6f54",
      "price": "338.81",
      "sequence": "5975324977281025",
      "side": "buy",
      "size": "0.005",
      "symbol": "STNK-USDT",
      "takerOrderId": "675046b43ecf430007219fdc",
      "time": "1733314228715000000",
      "tradeId": "5975324977281025",
      "type": "match",
      "time_received": "12:10:28.7663"
    },
    {
      "makerOrderId": "675046b4716ab30007af6f54",
      "price": "338.81",
      "sequence": "5975325090658305",
      "side": "buy",
      "size": "0.005",
      "symbol": "STNK-USDT",
      "takerOrderId": "675046b4ff2a9e0007d10f7b",
      "time": "1733314228980000000",
      "tradeId": "5975325090658305",
      "type": "match",
      "time_received": "12:10:29.0317"
    },
    {
      "makerOrderId": "675046b4716ab30007af6f54",
      "price": "338.81",
      "sequence": "5975325187127297",
      "side": "buy",
      "size": "0.005",
      "symbol": "STNK-USDT",
      "takerOrderId": "675046b541bdfd00075d87b9",
      "time": "1733314229206000000",
      "tradeId": "5975325187127297",
      "type": "match",
      "time_received": "12:10:29.2548"
    },
    {
      "makerOrderId": "675046b4716ab30007af6f54",
      "price": "338.81",
      "sequence": "5975326194415617",
      "side": "buy",
      "size": "0.005",
      "symbol": "STNK-USDT",
      "takerOrderId": "675046b71e1c9e000710992c",
      "time": "1733314231877000000",
      "tradeId": "5975326194415617",
      "type": "match",
      "time_received": "12:10:31.9344"
    },
    {
      "makerOrderId": "675046b4716ab30007af6f54",
      "price": "338.81",
      "sequence": "5975326289180673",
      "side": "buy",
      "size": "0.005",
      "symbol": "STNK-USDT",
      "takerOrderId": "675046b8716ab30007af8c99",
      "time": "1733314232092000000",
      "tradeId": "5975326289180673",
      "type": "match",
      "time_received": "12:10:32.1441"
    },
    {
      "makerOrderId": "675046b4716ab30007af6f54",
      "price": "338.81",
      "sequence": "5975326357993473",
      "side": "buy",
      "size": "0.005",
      "symbol": "STNK-USDT",
      "takerOrderId": "675046b89574f30007cd14bc",
      "time": "1733314232305000000",
      "tradeId": "5975326357993473",
      "type": "match",
      "time_received": "12:10:32.3533"
    },
    {
      "makerOrderId": "675046b4716ab30007af6f54",
      "price": "338.81",
      "sequence": "5975326441486337",
      "side": "buy",
      "size": "0.005",
      "symbol": "STNK-USDT",
      "takerOrderId": "675046b8ce816c00078f3218",
      "time": "1733314232502000000",
      "tradeId": "5975326441486337",
      "type": "match",
      "time_received": "12:10:32.5532"
    },
    {
      "makerOrderId": "675046b4716ab30007af6f54",
      "price": "338.81",
      "sequence": "5975327152158721",
      "side": "buy",
      "size": "0.005",
      "symbol": "STNK-USDT",
      "takerOrderId": "675046ba8338b9000702f9a8",
      "time": "1733314234245000000",
      "tradeId": "5975327152158721",
      "type": "match",
      "time_received": "12:10:34.2949"
    },
    {
      "makerOrderId": "675046b4716ab30007af6f54",
      "price": "338.81",
      "sequence": "5975327217694721",
      "side": "buy",
      "size": "0.005",
      "symbol": "STNK-USDT",
      "takerOrderId": "675046ba3bb37e000734cf35",
      "time": "1733314234418000000",
      "tradeId": "5975327217694721",
      "type": "match",
      "time_received": "12:10:34.4673"
    },
    {
      "makerOrderId": "675046b4716ab30007af6f54",
      "price": "338.81",
      "sequence": "5975327281264641",
      "side": "buy",
      "size": "0.005",
      "symbol": "STNK-USDT",
      "takerOrderId": "675046bafe36bf0007e34dbe",
      "time": "1733314234597000000",
      "tradeId": "5975327281264641",
      "type": "match",
      "time_received": "12:10:34.6482"
    },
    {
      "makerOrderId": "675046b4716ab30007af6f54",
      "price": "338.81",
      "sequence": "5975327345096705",
      "side": "buy",
      "size": "0.005",
      "symbol": "STNK-USDT",
      "takerOrderId": "675046baf5179000079ab9ab",
      "time": "1733314234739000000",
      "tradeId": "5975327345096705",
      "type": "match",
      "time_received": "12:10:34.7914"
    },
    {
      "makerOrderId": "675046b4716ab30007af6f54",
      "price": "338.81",
      "sequence": "5975327438026753",
      "side": "buy",
      "size": "0.005",
      "symbol": "STNK-USDT",
      "takerOrderId": "675046baf5179000079abb51",
      "time": "1733314234933000000",
      "tradeId": "5975327438026753",
      "type": "match",
      "time_received": "12:10:34.9855"
    },
    {
      "makerOrderId": "675046b4716ab30007af6f54",
      "price": "338.81",
      "sequence": "5975327525451777",
      "side": "buy",
      "size": "0.005",
      "symbol": "STNK-USDT",
      "takerOrderId": "675046bbecb8b200076ca9f1",
      "time": "1733314235130000000",
      "tradeId": "5975327525451777",
      "type": "match",
      "time_received": "12:10:35.1818"
    },
    {
      "makerOrderId": "675046b4716ab30007af6f54",
      "price": "338.81",
      "sequence": "5975327583778817",
      "side": "buy",
      "size": "0.005",
      "symbol": "STNK-USDT",
      "takerOrderId": "675046bb3bb37e000734d5ec",
      "time": "1733314235292000000",
      "tradeId": "5975327583778817",
      "type": "match",
      "time_received": "12:10:35.3399"
    },
    {
      "makerOrderId": "675046b4716ab30007af6f54",
      "price": "338.81",
      "sequence": "5975327645644801",
      "side": "buy",
      "size": "0.005",
      "symbol": "STNK-USDT",
      "takerOrderId": "675046bb1ed0d80007b44f4f",
      "time": "1733314235455000000",
      "tradeId": "5975327645644801",
      "type": "match",
      "time_received": "12:10:35.5060"
    },
    {
      "makerOrderId": "675046b4716ab30007af6f54",
      "price": "338.81",
      "sequence": "5975327726516225",
      "side": "buy",
      "size": "0.005",
      "symbol": "STNK-USDT",
      "takerOrderId": "675046bb2e6b3a0007fed1e8",
      "time": "1733314235659000000",
      "tradeId": "5975327726516225",
      "type": "match",
      "time_received": "12:10:35.7061"
    },
    {
      "makerOrderId": "675046b4716ab30007af6f54",
      "price": "338.81",
      "sequence": "5975327779862529",
      "side": "buy",
      "size": "0.005",
      "symbol": "STNK-USDT",
      "takerOrderId": "675046bb1ed0d80007b45185",
      "time": "1733314235821000000",
      "tradeId": "5975327779862529",
      "type": "match",
      "time_received": "12:10:35.8701"
    },
    {
      "makerOrderId": "675046b4716ab30007af6f54",
      "price": "338.81",
      "sequence": "5975329193605121",
      "side": "buy",
      "size": "0.005",
      "symbol": "STNK-USDT",
      "takerOrderId": "675046be7cf7ff000760b6d2",
      "time": "1733314238993000000",
      "tradeId": "5975329193605121",
      "type": "match",
      "time_received": "12:10:39.0417"
    },
    {
      "makerOrderId": "675046b4716ab30007af6f54",
      "price": "338.81",
      "sequence": "5975329277097985",
      "side": "buy",
      "size": "0.005",
      "symbol": "STNK-USDT",
      "takerOrderId": "675046bf41bdfd00075dcdb7",
      "time": "1733314239156000000",
      "tradeId": "5975329277097985",
      "type": "match",
      "time_received": "12:10:39.2085"
    },
    {
      "makerOrderId": "675046b4716ab30007af6f54",
      "price": "338.81",
      "sequence": "5975329368979457",
      "side": "buy",
      "size": "0.005",
      "symbol": "STNK-USDT",
      "takerOrderId": "675046bfaef36e0007682acb",
      "time": "1733314239353000000",
      "tradeId": "5975329368979457",
      "type": "match",
      "time_received": "12:10:39.5863"
    },
    {
      "makerOrderId": "675046b4716ab30007af6f54",
      "price": "338.81",
      "sequence": "5975329442904065",
      "side": "buy",
      "size": "0.005",
      "symbol": "STNK-USDT",
      "takerOrderId": "675046bfaef36e0007682bf7",
      "time": "1733314239512000000",
      "tradeId": "5975329442904065",
      "type": "match",
      "time_received": "12:10:39.5986"
    },
    {
      "makerOrderId": "675046b4716ab30007af6f54",
      "price": "338.81",
      "sequence": "5975329524955137",
      "side": "buy",
      "size": "0.005",
      "symbol": "STNK-USDT",
      "takerOrderId": "675046bf41bdfd00075dd1cf",
      "time": "1733314239701000000",
      "tradeId": "5975329524955137",
      "type": "match",
      "time_received": "12:10:39.7516"
    },
    {
      "makerOrderId": "675046b4716ab30007af6f54",
      "price": "338.81",
      "sequence": "5975329615132673",
      "side": "buy",
      "size": "0.005",
      "symbol": "STNK-USDT",
      "takerOrderId": "675046bffd80ce0007407744",
      "time": "1733314239882000000",
      "tradeId": "5975329615132673",
      "type": "match",
      "time_received": "12:10:39.9352"
    },
    {
      "makerOrderId": "675046b4716ab30007af6f54",
      "price": "338.81",
      "sequence": "5975329680930817",
      "side": "buy",
      "size": "0.005",
      "symbol": "STNK-USDT",
      "takerOrderId": "675046c03bb37e000734f835",
      "time": "1733314240043000000",
      "tradeId": "5975329680930817",
      "type": "match",
      "time_received": "12:10:40.0943"
    },
    {
      "makerOrderId": "675046b4716ab30007af6f54",
      "price": "338.81",
      "sequence": "5975329750136833",
      "side": "buy",
      "size": "0.005",
      "symbol": "STNK-USDT",
      "takerOrderId": "675046c0a398ab000755b820",
      "time": "1733314240226000000",
      "tradeId": "5975329750136833",
      "type": "match",
      "time_received": "12:10:40.2772"
    },
    {
      "makerOrderId": "675046b4716ab30007af6f54",
      "price": "338.81",
      "sequence": "5975331215128577",
      "side": "buy",
      "size": "0.005",
      "symbol": "STNK-USDT",
      "takerOrderId": "675046c39574f30007cd6699",
      "time": "1733314243263000000",
      "tradeId": "5975331215128577",
      "type": "match",
      "time_received": "12:10:43.3143"
    },
    {
      "makerOrderId": "675046b4716ab30007af6f54",
      "price": "338.81",
      "sequence": "5975331295475713",
      "side": "buy",
      "size": "0.005",
      "symbol": "STNK-USDT",
      "takerOrderId": "675046c31ed0d80007b48c0f",
      "time": "1733314243431000000",
      "tradeId": "5975331295475713",
      "type": "match",
      "time_received": "12:10:43.4828"
    },
    {
      "makerOrderId": "675046b4716ab30007af6f54",
      "price": "338.81",
      "sequence": "5975331380148225",
      "side": "buy",
      "size": "0.005",
      "symbol": "STNK-USDT",
      "takerOrderId": "675046c31e1c9e000710efa1",
      "time": "1733314243626000000",
      "tradeId": "5975331380148225",
      "type": "match",
      "time_received": "12:10:43.6742"
    },
    {
      "makerOrderId": "675046ade775000007d6ab69",
      "price": "339.09",
      "sequence": "5975331469146113",
      "side": "buy",
      "size": "0.005",
      "symbol": "STNK-USDT",
      "takerOrderId": "675046c33bb37e0007351654",
      "time": "1733314243815000000",
      "tradeId": "5975331469146113",
      "type": "match",
      "time_received": "12:10:43.8689"
    },
    {
      "makerOrderId": "675046c4fd80ce0007409e25",
      "price": "338.81",
      "sequence": "5975333055379457",
      "side": "buy",
      "size": "0.005",
      "symbol": "STNK-USDT",
      "takerOrderId": "675046c6aef36e0007686d1b",
      "time": "1733314246675000000",
      "tradeId": "5975333055379457",
      "type": "match",
      "time_received": "12:10:46.7266"
    },
    {
      "makerOrderId": "675046c4fd80ce0007409e25",
      "price": "338.81",
      "sequence": "5975333134022657",
      "side": "buy",
      "size": "0.005",
      "symbol": "STNK-USDT",
      "takerOrderId": "675046c63bb37e0007353741",
      "time": "1733314246864000000",
      "tradeId": "5975333134022657",
      "type": "match",
      "time_received": "12:10:46.9118"
    },
    {
      "makerOrderId": "675046c4fd80ce0007409e25",
      "price": "338.81",
      "sequence": "5975333236652033",
      "side": "buy",
      "size": "0.005",
      "symbol": "STNK-USDT",
      "takerOrderId": "675046c7716ab30007b0059d",
      "time": "1733314247056000000",
      "tradeId": "5975333236652033",
      "type": "match",
      "time_received": "12:10:47.1075"
    },
    {
      "makerOrderId": "675046c4fd80ce0007409e25",
      "price": "338.81",
      "sequence": "5975333361825793",
      "side": "buy",
      "size": "0.005",
      "symbol": "STNK-USDT",
      "takerOrderId": "675046c7ff2a9e0007d1a277",
      "time": "1733314247281000000",
      "tradeId": "5975333361825793",
      "type": "match",
      "time_received": "12:10:47.3337"
    },
    {
      "makerOrderId": "675046c4fd80ce0007409e25",
      "price": "338.81",
      "sequence": "5975333447022593",
      "side": "buy",
      "size": "0.005",
      "symbol": "STNK-USDT",
      "takerOrderId": "675046c7ecb8b200076d137e",
      "time": "1733314247478000000",
      "tradeId": "5975333447022593",
      "type": "match",
      "time_received": "12:10:47.5300"
    },
    {
      "makerOrderId": "675046c4fd80ce0007409e25",
      "price": "338.81",
      "sequence": "5975333526845441",
      "side": "buy",
      "size": "0.005",
      "symbol": "STNK-USDT",
      "takerOrderId": "675046c7ce816c00078fb008",
      "time": "1733314247675000000",
      "tradeId": "5975333526845441",
      "type": "match",
      "time_received": "12:10:47.7256"
    },
    {
      "makerOrderId": "675046c4fd80ce0007409e25",
      "price": "338.81",
      "sequence": "5975333606275073",
      "side": "buy",
      "size": "0.005",
      "symbol": "STNK-USDT",
      "takerOrderId": "675046c71ed0d80007b4ba3e",
      "time": "1733314247840000000",
      "tradeId": "5975333606275073",
      "type": "match",
      "time_received": "12:10:47.8905"
    },
    {
      "makerOrderId": "675046c4fd80ce0007409e25",
      "price": "338.81",
      "sequence": "5975333714540545",
      "side": "buy",
      "size": "0.005",
      "symbol": "STNK-USDT",
      "takerOrderId": "675046c8fd80ce000740c35f",
      "time": "1733314248045000000",
      "tradeId": "5975333714540545",
      "type": "match",
      "time_received": "12:10:48.0966"
    },
    {
      "makerOrderId": "675046c4fd80ce0007409e25",
      "price": "338.81",
      "sequence": "5975333844301825",
      "side": "buy",
      "size": "0.005",
      "symbol": "STNK-USDT",
      "takerOrderId": "675046c8b1d2ab00074a4630",
      "time": "1733314248277000000",
      "tradeId": "5975333844301825",
      "type": "match",
      "time_received": "12:10:48.3258"
    },
    {
      "makerOrderId": "675046c4fd80ce0007409e25",
      "price": "338.81",
      "sequence": "5975333924517889",
      "side": "buy",
      "size": "0.005",
      "symbol": "STNK-USDT",
      "takerOrderId": "675046c89574f30007cd9b07",
      "time": "1733314248437000000",
      "tradeId": "5975333924517889",
      "type": "match",
      "time_received": "12:10:48.4911"
    },
    {
      "makerOrderId": "675046c4fd80ce0007409e25",
      "price": "338.81",
      "sequence": "5975334106314753",
      "side": "buy",
      "size": "0.005",
      "symbol": "STNK-USDT",
      "takerOrderId": "675046c8b1d2ab00074a4ae3",
      "time": "1733314248839000000",
      "tradeId": "5975334106314753",
      "type": "match",
      "time_received": "12:10:48.8863"
    },
    {
      "makerOrderId": "675046c4fd80ce0007409e25",
      "price": "338.81",
      "sequence": "5975334207895553",
      "side": "buy",
      "size": "0.005",
      "symbol": "STNK-USDT",
      "takerOrderId": "675046c92e6b3a0007ff4519",
      "time": "1733314249034000000",
      "tradeId": "5975334207895553",
      "type": "match",
      "time_received": "12:10:49.0844"
    },
    {
      "makerOrderId": "675046a98338b90007027dc3",
      "price": "338.8",
      "sequence": "5975335020541953",
      "side": "sell",
      "size": "0.005",
      "symbol": "STNK-USDT",
      "takerOrderId": "675046cb3ecf430007225385",
      "time": "1733314251040000000",
      "tradeId": "5975335020541953",
      "type": "match",
      "time_received": "12:10:51.0938"
    },
    {
      "makerOrderId": "675046a93bb37e00073454b2",
      "price": "338.8",
      "sequence": "5975335020541956",
      "side": "sell",
      "size": "0.005",
      "symbol": "STNK-USDT",
      "takerOrderId": "675046cb3ecf430007225385",
      "time": "1733314251040000000",
      "tradeId": "5975335020541956",
      "type": "match",
      "time_received": "12:10:51.0939"
    },
    {
      "makerOrderId": "675046ca9574f30007cdae1b",
      "price": "338",
      "sequence": "5975335020541959",
      "side": "sell",
      "size": "0.005",
      "symbol": "STNK-USDT",
      "takerOrderId": "675046cb3ecf430007225385",
      "time": "1733314251040000000",
      "tradeId": "5975335020541959",
      "type": "match",
      "time_received": "12:10:51.0940"
    },
    {
      "makerOrderId": "675046caaef36e0007688e2c",
      "price": "336",
      "sequence": "5975335020541962",
      "side": "sell",
      "size": "0.005",
      "symbol": "STNK-USDT",
      "takerOrderId": "675046cb3ecf430007225385",
      "time": "1733314251040000000",
      "tradeId": "5975335020541962",
      "type": "match",
      "time_received": "12:10:51.0940"
    },
    {
      "makerOrderId": "675046c9716ab30007b01f0e",
      "price": "334",
      "sequence": "5975335020541965",
      "side": "sell",
      "size": "0.005",
      "symbol": "STNK-USDT",
      "takerOrderId": "675046cb3ecf430007225385",
      "time": "1733314251040000000",
      "tradeId": "5975335020541965",
      "type": "match",
      "time_received": "12:10:51.0941"
    },
    {
      "makerOrderId": "675046ca716ab30007b020ef",
      "price": "334",
      "sequence": "5975335020541968",
      "side": "sell",
      "size": "0.005",
      "symbol": "STNK-USDT",
      "takerOrderId": "675046cb3ecf430007225385",
      "time": "1733314251040000000",
      "tradeId": "5975335020541968",
      "type": "match",
      "time_received": "12:10:51.0941"
    },
    {
      "makerOrderId": "675046c89574f30007cd96e3",
      "price": "333.81",
      "sequence": "5975335020541971",
      "side": "sell",
      "size": "0.299",
      "symbol": "STNK-USDT",
      "takerOrderId": "675046cb3ecf430007225385",
      "time": "1733314251040000000",
      "tradeId": "5975335020541971",
      "type": "match",
      "time_received": "12:10:51.0943"
    },
    {
      "makerOrderId": "675046c59574f30007cd7cf9",
      "price": "333.22",
      "sequence": "5975335020541974",
      "side": "sell",
      "size": "0.749",
      "symbol": "STNK-USDT",
      "takerOrderId": "675046cb3ecf430007225385",
      "time": "1733314251040000000",
      "tradeId": "5975335020541974",
      "type": "match",
      "time_received": "12:10:51.0944"
    },
    {
      "makerOrderId": "675046ad1ed0d80007b3eade",
      "price": "332.89",
      "sequence": "5975335020541977",
      "side": "sell",
      "size": "0.377",
      "symbol": "STNK-USDT",
      "takerOrderId": "675046cb3ecf430007225385",
      "time": "1733314251040000000",
      "tradeId": "5975335020541977",
      "type": "match",
      "time_received": "12:10:51.0945"
    },
    {
      "makerOrderId": "675046ad1ed0d80007b3eade",
      "price": "332.89",
      "sequence": "5975335622293505",
      "side": "sell",
      "size": "1.124",
      "symbol": "STNK-USDT",
      "takerOrderId": "675046ccce816c00078fd772",
      "time": "1733314252322000000",
      "tradeId": "5975335622293505",
      "type": "match",
      "time_received": "12:10:52.3750"
    },
    {
      "makerOrderId": "675046ae1ed0d80007b3ed87",
      "price": "332.33",
      "sequence": "5975335622293508",
      "side": "sell",
      "size": "1.503",
      "symbol": "STNK-USDT",
      "takerOrderId": "675046ccce816c00078fd772",
      "time": "1733314252322000000",
      "tradeId": "5975335622293508",
      "type": "match",
      "time_received": "12:10:52.3751"
    },
    {
      "makerOrderId": "6750467aff2a9e0007cf6bf7",
      "price": "332.28",
      "sequence": "5975335622293511",
      "side": "sell",
      "size": "0.16",
      "symbol": "STNK-USDT",
      "takerOrderId": "675046ccce816c00078fd772",
      "time": "1733314252322000000",
      "tradeId": "5975335622293511",
      "type": "match",
      "time_received": "12:10:52.3751"
    },
    {
      "makerOrderId": "675046b71e254f0007f0f089",
      "price": "332.28",
      "sequence": "5975335622293514",
      "side": "sell",
      "size": "0.022",
      "symbol": "STNK-USDT",
      "takerOrderId": "675046ccce816c00078fd772",
      "time": "1733314252322000000",
      "tradeId": "5975335622293514",
      "type": "match",
      "time_received": "12:10:52.3755"
    },
    {
      "makerOrderId": "675046737cf7ff00075e9a82",
      "price": "331.16",
      "sequence": "5975335622293517",
      "side": "sell",
      "size": "0.073",
      "symbol": "STNK-USDT",
      "takerOrderId": "675046ccce816c00078fd772",
      "time": "1733314252322000000",
      "tradeId": "5975335622293517",
      "type": "match",
      "time_received": "12:10:52.3756"
    },
    {
      "makerOrderId": "675046ccfd061e00075f2bb8",
      "price": "337.66",
      "sequence": "5975335752579073",
      "side": "buy",
      "size": "0.005",
      "symbol": "STNK-USDT",
      "takerOrderId": "675046ccfe36bf0007e3e759",
      "time": "1733314252597000000",
      "tradeId": "5975335752579073",
      "type": "match",
      "time_received": "12:10:52.6485"
    },
    {
      "makerOrderId": "675046ccf5179000079b5005",
      "price": "336",
      "sequence": "5975335914584065",
      "side": "sell",
      "size": "0.005",
      "symbol": "STNK-USDT",
      "takerOrderId": "675046cc2e6b3a0007ff660a",
      "time": "1733314252958000000",
      "tradeId": "5975335914584065",
      "type": "match",
      "time_received": "12:10:53.0104"
    },
    {
      "makerOrderId": "675046cc1e1c9e00071146bf",
      "price": "333.87",
      "sequence": "5975335914584068",
      "side": "sell",
      "size": "0.299",
      "symbol": "STNK-USDT",
      "takerOrderId": "675046cc2e6b3a0007ff660a",
      "time": "1733314252958000000",
      "tradeId": "5975335914584068",
      "type": "match",
      "time_received": "12:10:53.0106"
    },
    {
      "makerOrderId": "675046737cf7ff00075e9a82",
      "price": "331.16",
      "sequence": "5975335914584071",
      "side": "sell",
      "size": "1.436",
      "symbol": "STNK-USDT",
      "takerOrderId": "675046cc2e6b3a0007ff660a",
      "time": "1733314252958000000",
      "tradeId": "5975335914584071",
      "type": "match",
      "time_received": "12:10:53.0106"
    },
    {
      "makerOrderId": "675046cefd061e00075f3cd5",
      "price": "337.65",
      "sequence": "5975337103669249",
      "side": "buy",
      "size": "0.296",
      "symbol": "STNK-USDT",
      "takerOrderId": "675046cfb1d2ab00074a8346",
      "time": "1733314255835000000",
      "tradeId": "5975337103669249",
      "type": "match",
      "time_received": "12:10:55.8941"
    },
    {
      "makerOrderId": "675046ccf5179000079b505f",
      "price": "338.2",
      "sequence": "5975337103669252",
      "side": "buy",
      "size": "0.738",
      "symbol": "STNK-USDT",
      "takerOrderId": "675046cfb1d2ab00074a8346",
      "time": "1733314255835000000",
      "tradeId": "5975337103669252",
      "type": "match",
      "time_received": "12:10:55.8943"
    },
    {
      "makerOrderId": "675046cb8338b90007038657",
      "price": "338.77",
      "sequence": "5975337103669255",
      "side": "buy",
      "size": "1.475",
      "symbol": "STNK-USDT",
      "takerOrderId": "675046cfb1d2ab00074a8346",
      "time": "1733314255835000000",
      "tradeId": "5975337103669255",
      "type": "match",
      "time_received": "12:10:55.8943"
    },
    {
      "makerOrderId": "675046ad3ecf430007216798",
      "price": "339.37",
      "sequence": "5975337103669258",
      "side": "buy",
      "size": "0.125",
      "symbol": "STNK-USDT",
      "takerOrderId": "675046cfb1d2ab00074a8346",
      "time": "1733314255835000000",
      "tradeId": "5975337103669258",
      "type": "match",
      "time_received": "12:10:55.8944"
    },
    {
      "makerOrderId": "675046cf1ed0d80007b4fc78",
      "price": "336",
      "sequence": "5975337245620225",
      "side": "buy",
      "size": "0.005",
      "symbol": "STNK-USDT",
      "takerOrderId": "675046d03bb37e000735846a",
      "time": "1733314256142000000",
      "tradeId": "5975337245620225",
      "type": "match",
      "time_received": "12:10:56.1971"
    },
    {
      "makerOrderId": "675046cf1ed0d80007b4fc78",
      "price": "336",
      "sequence": "5975337439344641",
      "side": "buy",
      "size": "0.005",
      "symbol": "STNK-USDT",
      "takerOrderId": "675046d041bdfd00075e6246",
      "time": "1733314256701000000",
      "tradeId": "5975337439344641",
      "type": "match",
      "time_received": "12:10:56.7505"
    },
    {
      "makerOrderId": "675046cf1ed0d80007b4fc78",
      "price": "336",
      "sequence": "5975337531095041",
      "side": "buy",
      "size": "0.032",
      "symbol": "STNK-USDT",
      "takerOrderId": "675046d03bb37e000735899e",
      "time": "1733314256914000000",
      "tradeId": "5975337531095041",
      "type": "match",
      "time_received": "12:10:56.9660"
    },
    {
      "makerOrderId": "675046cf1ed0d80007b4fc78",
      "price": "336",
      "sequence": "5975337600301057",
      "side": "buy",
      "size": "0.005",
      "symbol": "STNK-USDT",
      "takerOrderId": "675046d1fd061e00075f4f54",
      "time": "1733314257115000000",
      "tradeId": "5975337600301057",
      "type": "match",
      "time_received": "12:10:57.1642"
    },
    {
      "makerOrderId": "675046cf1ed0d80007b4fc78",
      "price": "336",
      "sequence": "5975337681172481",
      "side": "buy",
      "size": "0.005",
      "symbol": "STNK-USDT",
      "takerOrderId": "675046d19574f30007cde1b3",
      "time": "1733314257356000000",
      "tradeId": "5975337681172481",
      "type": "match",
      "time_received": "12:10:57.4069"
    },
    {
      "makerOrderId": "675046cf1ed0d80007b4fc78",
      "price": "336",
      "sequence": "5975337749723137",
      "side": "buy",
      "size": "0.005",
      "symbol": "STNK-USDT",
      "takerOrderId": "675046d1fd061e00075f525a",
      "time": "1733314257546000000",
      "tradeId": "5975337749723137",
      "type": "match",
      "time_received": "12:10:57.5962"
    },
    {
      "makerOrderId": "675046cf1ed0d80007b4fc78",
      "price": "336",
      "sequence": "5975337816832001",
      "side": "buy",
      "size": "0.005",
      "symbol": "STNK-USDT",
      "takerOrderId": "675046d1a398ab0007564ca5",
      "time": "1733314257739000000",
      "tradeId": "5975337816832001",
      "type": "match",
      "time_received": "12:10:57.7912"
    },
    {
      "makerOrderId": "675046cf1ed0d80007b4fc78",
      "price": "336",
      "sequence": "5975337890494465",
      "side": "buy",
      "size": "0.005",
      "symbol": "STNK-USDT",
      "takerOrderId": "675046d1ff2a9e0007d1f759",
      "time": "1733314257908000000",
      "tradeId": "5975337890494465",
      "type": "match",
      "time_received": "12:10:57.9568"
    },
    {
      "makerOrderId": "675046cf1ed0d80007b4fc78",
      "price": "336",
      "sequence": "5975337984342017",
      "side": "buy",
      "size": "0.005",
      "symbol": "STNK-USDT",
      "takerOrderId": "675046d2ecb8b200076d6809",
      "time": "1733314258142000000",
      "tradeId": "5975337984342017",
      "type": "match",
      "time_received": "12:10:58.1875"
    },
    {
      "makerOrderId": "675046cf1ed0d80007b4fc78",
      "price": "336",
      "sequence": "5975338035066881",
      "side": "buy",
      "size": "0.005",
      "symbol": "STNK-USDT",
      "takerOrderId": "675046d2fd061e00075f5782",
      "time": "1733314258327000000",
      "tradeId": "5975338035066881",
      "type": "match",
      "time_received": "12:10:58.3794"
    },
    {
      "makerOrderId": "675046cf1ed0d80007b4fc78",
      "price": "336",
      "sequence": "5975338113579009",
      "side": "buy",
      "size": "0.005",
      "symbol": "STNK-USDT",
      "takerOrderId": "675046d2f5179000079b7cf2",
      "time": "1733314258540000000",
      "tradeId": "5975338113579009",
      "type": "match",
      "time_received": "12:10:58.5944"
    },
    {
      "makerOrderId": "675046cf1ed0d80007b4fc78",
      "price": "336",
      "sequence": "5975338166794241",
      "side": "buy",
      "size": "0.005",
      "symbol": "STNK-USDT",
      "takerOrderId": "675046d2aef36e000768cd2e",
      "time": "1733314258710000000",
      "tradeId": "5975338166794241",
      "type": "match",
      "time_received": "12:10:58.7612"
    },
    {
      "makerOrderId": "675046cf1ed0d80007b4fc78",
      "price": "336",
      "sequence": "5975338282530817",
      "side": "buy",
      "size": "0.005",
      "symbol": "STNK-USDT",
      "takerOrderId": "675046d28338b9000703c350",
      "time": "1733314258917000000",
      "tradeId": "5975338282530817",
      "type": "match",
      "time_received": "12:10:58.9664"
    },
    {
      "makerOrderId": "675046d1fe36bf0007e40e04",
      "price": "337.6",
      "sequence": "5975338422253569",
      "side": "buy",
      "size": "0.005",
      "symbol": "STNK-USDT",
      "takerOrderId": "675046d3ce816c0007900a54",
      "time": "1733314259230000000",
      "tradeId": "5975338422253569",
      "type": "match",
      "time_received": "12:10:59.2807"
    },
    {
      "makerOrderId": "675046d1fe36bf0007e40e04",
      "price": "337.6",
      "sequence": "5975338828052481",
      "side": "buy",
      "size": "0.005",
      "symbol": "STNK-USDT",
      "takerOrderId": "675046d4a398ab0007565dfd",
      "time": "1733314260216000000",
      "tradeId": "5975338828052481",
      "type": "match",
      "time_received": "12:11:00.2676"
    },
    {
      "makerOrderId": "675046d1fe36bf0007e40e04",
      "price": "337.6",
      "sequence": "5975338919671809",
      "side": "buy",
      "size": "0.005",
      "symbol": "STNK-USDT",
      "takerOrderId": "675046d41e1c9e0007117cac",
      "time": "1733314260436000000",
      "tradeId": "5975338919671809",
      "type": "match",
      "time_received": "12:11:00.4930"
    },
    {
      "makerOrderId": "675046d1fe36bf0007e40e04",
      "price": "337.6",
      "sequence": "5975339003557889",
      "side": "buy",
      "size": "0.005",
      "symbol": "STNK-USDT",
      "takerOrderId": "675046d43bb37e000735a4b5",
      "time": "1733314260627000000",
      "tradeId": "5975339003557889",
      "type": "match",
      "time_received": "12:11:00.6727"
    },
    {
      "makerOrderId": "675046d1fe36bf0007e40e04",
      "price": "337.6",
      "sequence": "5975339065423873",
      "side": "buy",
      "size": "0.005",
      "symbol": "STNK-USDT",
      "takerOrderId": "675046d4e775000007d7e23f",
      "time": "1733314260820000000",
      "tradeId": "5975339065423873",
      "type": "match",
      "time_received": "12:11:00.8714"
    },
    {
      "makerOrderId": "675046d1fe36bf0007e40e04",
      "price": "337.6",
      "sequence": "5975339162810369",
      "side": "buy",
      "size": "0.005",
      "symbol": "STNK-USDT",
      "takerOrderId": "675046d48338b9000703d3df",
      "time": "1733314260972000000",
      "tradeId": "5975339162810369",
      "type": "match",
      "time_received": "12:11:01.0225"
    },
    {
      "makerOrderId": "675046d1fe36bf0007e40e04",
      "price": "337.6",
      "sequence": "5975339310135297",
      "side": "buy",
      "size": "0.005",
      "symbol": "STNK-USDT",
      "takerOrderId": "675046d51e1c9e00071184e9",
      "time": "1733314261173000000",
      "tradeId": "5975339310135297",
      "type": "match",
      "time_received": "12:11:01.2247"
    },
    {
      "makerOrderId": "675046d1fe36bf0007e40e04",
      "price": "337.6",
      "sequence": "5975339405162497",
      "side": "buy",
      "size": "0.005",
      "symbol": "STNK-USDT",
      "takerOrderId": "675046d51e1c9e0007118701",
      "time": "1733314261363000000",
      "tradeId": "5975339405162497",
      "type": "match",
      "time_received": "12:11:01.4146"
    },
    {
      "makerOrderId": "675046d1fe36bf0007e40e04",
      "price": "337.6",
      "sequence": "5975339489179649",
      "side": "buy",
      "size": "0.005",
      "symbol": "STNK-USDT",
      "takerOrderId": "675046d5aef36e000768e602",
      "time": "1733314261549000000",
      "tradeId": "5975339489179649",
      "type": "match",
      "time_received": "12:11:01.6010"
    },
    {
      "makerOrderId": "675046d1fe36bf0007e40e04",
      "price": "337.6",
      "sequence": "5975339582765057",
      "side": "buy",
      "size": "0.005",
      "symbol": "STNK-USDT",
      "takerOrderId": "675046d58338b9000703dc72",
      "time": "1733314261762000000",
      "tradeId": "5975339582765057",
      "type": "match",
      "time_received": "12:11:01.8085"
    },
    {
      "makerOrderId": "675046d6b1d2ab00074ab3ea",
      "price": "337.52",
      "sequence": "5975339770198017",
      "side": "buy",
      "size": "0.005",
      "symbol": "STNK-USDT",
      "takerOrderId": "675046d69574f30007ce080c",
      "time": "1733314262101000000",
      "tradeId": "5975339770198017",
      "type": "match",
      "time_received": "12:11:02.1520"
    },
    {
      "makerOrderId": "675046d6b1d2ab00074ab3ea",
      "price": "337.52",
      "sequence": "5975339861686273",
      "side": "buy",
      "size": "0.005",
      "symbol": "STNK-USDT",
      "takerOrderId": "675046d6e775000007d7f0c7",
      "time": "1733314262296000000",
      "tradeId": "5975339861686273",
      "type": "match",
      "time_received": "12:11:02.3465"
    },
    {
      "makerOrderId": "675046d6b1d2ab00074ab3ea",
      "price": "337.52",
      "sequence": "5975339939149825",
      "side": "buy",
      "size": "0.005",
      "symbol": "STNK-USDT",
      "takerOrderId": "675046d6ecb8b200076d8c2c",
      "time": "1733314262460000000",
      "tradeId": "5975339939149825",
      "type": "match",
      "time_received": "12:11:02.5171"
    },
    {
      "makerOrderId": "675046d6b1d2ab00074ab3ea",
      "price": "337.52",
      "sequence": "5975340013860865",
      "side": "buy",
      "size": "0.005",
      "symbol": "STNK-USDT",
      "takerOrderId": "675046d6aef36e000768ee74",
      "time": "1733314262659000000",
      "tradeId": "5975340013860865",
      "type": "match",
      "time_received": "12:11:02.7085"
    },
    {
      "makerOrderId": "675046d6b1d2ab00074ab3ea",
      "price": "337.52",
      "sequence": "5975340073105409",
      "side": "buy",
      "size": "0.005",
      "symbol": "STNK-USDT",
      "takerOrderId": "675046d62e6b3a0007ffb1bd",
      "time": "1733314262806000000",
      "tradeId": "5975340073105409",
      "type": "match",
      "time_received": "12:11:02.8532"
    },
    {
      "makerOrderId": "675046d6b1d2ab00074ab3ea",
      "price": "337.52",
      "sequence": "5975340076906497",
      "side": "buy",
      "size": "0.005",
      "symbol": "STNK-USDT",
      "takerOrderId": "675046d6ce816c000790292a",
      "time": "1733314262814000000",
      "tradeId": "5975340076906497",
      "type": "match",
      "time_received": "12:11:02.8647"
    },
    {
      "makerOrderId": "675046d6b1d2ab00074ab3ea",
      "price": "337.52",
      "sequence": "5975340180846593",
      "side": "buy",
      "size": "0.005",
      "symbol": "STNK-USDT",
      "takerOrderId": "675046d6fd80ce00074138ee",
      "time": "1733314262987000000",
      "tradeId": "5975340180846593",
      "type": "match",
      "time_received": "12:11:03.0381"
    },
    {
      "makerOrderId": "675046d6b1d2ab00074ab3ea",
      "price": "337.52",
      "sequence": "5975340291864577",
      "side": "buy",
      "size": "0.005",
      "symbol": "STNK-USDT",
      "takerOrderId": "675046d7fd80ce0007413a4b",
      "time": "1733314263149000000",
      "tradeId": "5975340291864577",
      "type": "match",
      "time_received": "12:11:03.2011"
    },
    {
      "makerOrderId": "675046d6b1d2ab00074ab3ea",
      "price": "337.52",
      "sequence": "5975340403800065",
      "side": "buy",
      "size": "0.005",
      "symbol": "STNK-USDT",
      "takerOrderId": "675046d78338b9000703e832",
      "time": "1733314263329000000",
      "tradeId": "5975340403800065",
      "type": "match",
      "time_received": "12:11:03.3794"
    },
    {
      "makerOrderId": "675046d6b1d2ab00074ab3ea",
      "price": "337.52",
      "sequence": "5975340499613697",
      "side": "buy",
      "size": "0.005",
      "symbol": "STNK-USDT",
      "takerOrderId": "675046d7716ab30007b08b13",
      "time": "1733314263493000000",
      "tradeId": "5975340499613697",
      "type": "match",
      "time_received": "12:11:03.5437"
    },
    {
      "makerOrderId": "675046d6b1d2ab00074ab3ea",
      "price": "337.52",
      "sequence": "5975340595296257",
      "side": "buy",
      "size": "0.005",
      "symbol": "STNK-USDT",
      "takerOrderId": "675046d7ecb8b200076d958c",
      "time": "1733314263682000000",
      "tradeId": "5975340595296257",
      "type": "match",
      "time_received": "12:11:03.7278"
    },
    {
      "makerOrderId": "675046d6b1d2ab00074ab3ea",
      "price": "337.52",
      "sequence": "5975340661094401",
      "side": "buy",
      "size": "0.005",
      "symbol": "STNK-USDT",
      "takerOrderId": "675046d7aef36e000768f780",
      "time": "1733314263837000000",
      "tradeId": "5975340661094401",
      "type": "match",
      "time_received": "12:11:03.8888"
    },
    {
      "makerOrderId": "675046d6b1d2ab00074ab3ea",
      "price": "337.52",
      "sequence": "5975340849444865",
      "side": "buy",
      "size": "0.005",
      "symbol": "STNK-USDT",
      "takerOrderId": "675046d83bb37e000735c487",
      "time": "1733314264191000000",
      "tradeId": "5975340849444865",
      "type": "match",
      "time_received": "12:11:04.2427"
    },
    {
      "makerOrderId": "675046d6b1d2ab00074ab3ea",
      "price": "337.52",
      "sequence": "5975340930316289",
      "side": "buy",
      "size": "0.005",
      "symbol": "STNK-USDT",
      "takerOrderId": "675046d8716ab30007b0936c",
      "time": "1733314264370000000",
      "tradeId": "5975340930316289",
      "type": "match",
      "time_received": "12:11:04.4201"
    },
    {
      "makerOrderId": "675046d6b1d2ab00074ab3ea",
      "price": "337.52",
      "sequence": "5975340986152961",
      "side": "buy",
      "size": "0.005",
      "symbol": "STNK-USDT",
      "takerOrderId": "675046d83ecf43000722bf75",
      "time": "1733314264534000000",
      "tradeId": "5975340986152961",
      "type": "match",
      "time_received": "12:11:04.5877"
    },
    {
      "makerOrderId": "675046d6b1d2ab00074ab3ea",
      "price": "337.52",
      "sequence": "5975341041727489",
      "side": "buy",
      "size": "0.005",
      "symbol": "STNK-USDT",
      "takerOrderId": "675046d8ff2a9e0007d22f86",
      "time": "1733314264702000000",
      "tradeId": "5975341041727489",
      "type": "match",
      "time_received": "12:11:04.7528"
    },
    {
      "makerOrderId": "675046d87cf7ff0007618f19",
      "price": "337.61",
      "sequence": "5975341134264321",
      "side": "buy",
      "size": "0.005",
      "symbol": "STNK-USDT",
      "takerOrderId": "675046d83ecf43000722c1c4",
      "time": "1733314264898000000",
      "tradeId": "5975341134264321",
      "type": "match",
      "time_received": "12:11:04.9473"
    },
    {
      "makerOrderId": "675046dbff2a9e0007d24479",
      "price": "337.53",
      "sequence": "5975342825093121",
      "side": "buy",
      "size": "0.005",
      "symbol": "STNK-USDT",
      "takerOrderId": "675046dcfd80ce00074166bc",
      "time": "1733314268663000000",
      "tradeId": "5975342825093121",
      "type": "match",
      "time_received": "12:11:08.7167"
    },
    {
      "makerOrderId": "675046dbff2a9e0007d24479",
      "price": "337.53",
      "sequence": "5975342889973761",
      "side": "buy",
      "size": "0.005",
      "symbol": "STNK-USDT",
      "takerOrderId": "675046dc8338b900070414bd",
      "time": "1733314268839000000",
      "tradeId": "5975342889973761",
      "type": "match",
      "time_received": "12:11:08.8888"
    },
    {
      "makerOrderId": "675046dbff2a9e0007d24479",
      "price": "337.53",
      "sequence": "5975342986049537",
      "side": "buy",
      "size": "0.005",
      "symbol": "STNK-USDT",
      "takerOrderId": "675046dd1e1c9e000711c33b",
      "time": "1733314269033000000",
      "tradeId": "5975342986049537",
      "type": "match",
      "time_received": "12:11:09.0797"
    },
    {
      "makerOrderId": "675046dbff2a9e0007d24479",
      "price": "337.53",
      "sequence": "5975343079110657",
      "side": "buy",
      "size": "0.005",
      "symbol": "STNK-USDT",
      "takerOrderId": "675046dd41bdfd00075ec44c",
      "time": "1733314269217000000",
      "tradeId": "5975343079110657",
      "type": "match",
      "time_received": "12:11:09.2671"
    },
    {
      "makerOrderId": "675046dbff2a9e0007d24479",
      "price": "337.53",
      "sequence": "5975343152773121",
      "side": "buy",
      "size": "0.005",
      "symbol": "STNK-USDT",
      "takerOrderId": "675046dd8338b900070418a9",
      "time": "1733314269417000000",
      "tradeId": "5975343152773121",
      "type": "match",
      "time_received": "12:11:09.4687"
    },
    {
      "makerOrderId": "675046dbff2a9e0007d24479",
      "price": "337.53",
      "sequence": "5975343218309121",
      "side": "buy",
      "size": "0.005",
      "symbol": "STNK-USDT",
      "takerOrderId": "675046dd7cf7ff000761b44b",
      "time": "1733314269617000000",
      "tradeId": "5975343218309121",
      "type": "match",
      "time_received": "12:11:09.6649"
    },
    {
      "makerOrderId": "675046d3fd061e00075f619b",
      "price": "336",
      "sequence": "5975343283320833",
      "side": "sell",
      "size": "0.005",
      "symbol": "STNK-USDT",
      "takerOrderId": "675046dd716ab30007b0bc05",
      "time": "1733314269821000000",
      "tradeId": "5975343283320833",
      "type": "match",
      "time_received": "12:11:09.8689"
    },
    {
      "makerOrderId": "675046dc3ecf43000722dc63",
      "price": "336",
      "sequence": "5975343283320836",
      "side": "sell",
      "size": "0.005",
      "symbol": "STNK-USDT",
      "takerOrderId": "675046dd716ab30007b0bc05",
      "time": "1733314269821000000",
      "tradeId": "5975343283320836",
      "type": "match",
      "time_received": "12:11:09.8743"
    },
    {
      "makerOrderId": "675046cff5179000079b6b62",
      "price": "334",
      "sequence": "5975343283320839",
      "side": "sell",
      "size": "0.005",
      "symbol": "STNK-USDT",
      "takerOrderId": "675046dd716ab30007b0bc05",
      "time": "1733314269821000000",
      "tradeId": "5975343283320839",
      "type": "match",
      "time_received": "12:11:09.8745"
    },
    {
      "makerOrderId": "675046d8a398ab0007568368",
      "price": "333.75",
      "sequence": "5975343283320842",
      "side": "sell",
      "size": "0.299",
      "symbol": "STNK-USDT",
      "takerOrderId": "675046dd716ab30007b0bc05",
      "time": "1733314269821000000",
      "tradeId": "5975343283320842",
      "type": "match",
      "time_received": "12:11:09.8745"
    },
    {
      "makerOrderId": "675046d0ce816c00078ff8e4",
      "price": "333.25",
      "sequence": "5975343283320845",
      "side": "sell",
      "size": "0.749",
      "symbol": "STNK-USDT",
      "takerOrderId": "675046dd716ab30007b0bc05",
      "time": "1733314269821000000",
      "tradeId": "5975343283320845",
      "type": "match",
      "time_received": "12:11:09.8746"
    },
    {
      "makerOrderId": "675046d43bb37e000735a0cc",
      "price": "332.69",
      "sequence": "5975343283320848",
      "side": "sell",
      "size": "1.502",
      "symbol": "STNK-USDT",
      "takerOrderId": "675046dd716ab30007b0bc05",
      "time": "1733314269821000000",
      "tradeId": "5975343283320848",
      "type": "match",
      "time_received": "12:11:09.8746"
    },
    {
      "makerOrderId": "675046d51ed0d80007b52896",
      "price": "332.13",
      "sequence": "5975343283320851",
      "side": "sell",
      "size": "0.207",
      "symbol": "STNK-USDT",
      "takerOrderId": "675046dd716ab30007b0bc05",
      "time": "1733314269821000000",
      "tradeId": "5975343283320851",
      "type": "match",
      "time_received": "12:11:09.8749"
    },
    {
      "makerOrderId": "675046dbff2a9e0007d24479",
      "price": "337.53",
      "sequence": "5975343286335489",
      "side": "buy",
      "size": "0.005",
      "symbol": "STNK-USDT",
      "takerOrderId": "675046ddce816c0007905ff0",
      "time": "1733314269829000000",
      "tradeId": "5975343286335489",
      "type": "match",
      "time_received": "12:11:09.8792"
    },
    {
      "makerOrderId": "675046dbff2a9e0007d24479",
      "price": "337.53",
      "sequence": "5975344250370049",
      "side": "buy",
      "size": "0.005",
      "symbol": "STNK-USDT",
      "takerOrderId": "675046dfce816c0007907020",
      "time": "1733314271942000000",
      "tradeId": "5975344250370049",
      "type": "match",
      "time_received": "12:11:11.9928"
    },
    {
      "makerOrderId": "675046dbff2a9e0007d24479",
      "price": "337.53",
      "sequence": "5975344653023233",
      "side": "buy",
      "size": "0.005",
      "symbol": "STNK-USDT",
      "takerOrderId": "675046e0ce816c00079076ab",
      "time": "1733314272894000000",
      "tradeId": "5975344653023233",
      "type": "match",
      "time_received": "12:11:12.9450"
    },
    {
      "makerOrderId": "675046e3a398ab000756db7d",
      "price": "337.48",
      "sequence": "5975347507640321",
      "side": "buy",
      "size": "0.005",
      "symbol": "STNK-USDT",
      "takerOrderId": "675046e73bb37e0007363aeb",
      "time": "1733314279890000000",
      "tradeId": "5975347507640321",
      "type": "match",
      "time_received": "12:11:19.9410"
    },
    {
      "makerOrderId": "675046e3a398ab000756db7d",
      "price": "337.48",
      "sequence": "5975347704903681",
      "side": "buy",
      "size": "0.005",
      "symbol": "STNK-USDT",
      "takerOrderId": "675046e8ce816c000790afbf",
      "time": "1733314280353000000",
      "tradeId": "5975347704903681",
      "type": "match",
      "time_received": "12:11:20.4041"
    },
    {
