[
  {
    "price": "0.2",
    "sequence": "5583131573237761",
    "side": "sell",
    "size": "1",
    "symbol": "SLERF-USDT",
    "time": "1732273200000000000",
    "tradeId": "5583131573237761",
    "type": "match",
    "time_data_received": "11:00:00.1141"
  },
  {
    "makerOrderId": "67406430088f010007b88238",
    "price": "0.38",
    "sequence": "5583131637725185",
    "side": "buy",
    "size": "526",
    "symbol": "SLERF-USDT",
    "takerOrderId": "67406430c5ba740007984dea",
    "time": "1732273200170000000",
    "tradeId": "5583131637725185",
    "type": "match",
    "time_data_received": "11:00:00.2199"
  },
  {
    "makerOrderId": "67406430088f010007b88238",
    "price": "0.38",
    "sequence": "5583131649259521",
    "side": "buy",
    "size": "15",
    "symbol": "SLERF-USDT",
    "takerOrderId": "6740643068486d00079985c1",
    "time": "1732273200189000000",
    "tradeId": "5583131649259521",
    "type": "match",
    "time_data_received": "11:00:00.2351"
  },
  {
    "makerOrderId": "67406430088f010007b88238",
    "price": "0.38",
    "sequence": "5583131659352065",
    "side": "buy",
    "size": "500",
    "symbol": "SLERF-USDT",
    "takerOrderId": "6740643068486d00079985be",
    "time": "1732273200208000000",
    "tradeId": "5583131659352065",
    "type": "match",
    "time_data_received": "11:00:00.2568"
  },
  {
    "makerOrderId": "67406430088f010007b88238",
    "price": "0.38",
    "sequence": "5583131659876353",
    "side": "buy",
    "size": "250",
    "symbol": "SLERF-USDT",
    "takerOrderId": "6740643068486d00079985ca",
    "time": "1732273200209000000",
    "tradeId": "5583131659876353",
    "type": "match",
    "time_data_received": "11:00:00.2580"
  },
  {
    "makerOrderId": "67406430088f010007b88238",
    "price": "0.38",
    "sequence": "5583131665774593",
    "side": "buy",
    "size": "10",
    "symbol": "SLERF-USDT",
    "takerOrderId": "67406430088f010007b882ec",
    "time": "1732273200219000000",
    "tradeId": "5583131665774593",
    "type": "match",
    "time_data_received": "11:00:00.2640"
  },
  {
    "makerOrderId": "67406430088f010007b88238",
    "price": "0.38",
    "sequence": "5583131710994433",
    "side": "buy",
    "size": "11",
    "symbol": "SLERF-USDT",
    "takerOrderId": "67406430f15b270007b0c5e9",
    "time": "1732273200312000000",
    "tradeId": "5583131710994433",
    "type": "match",
    "time_data_received": "11:00:00.3600"
  },
  {
    "makerOrderId": "6740643037061e0007546217",
    "price": "0.37",
    "sequence": "5583131762636801",
    "side": "sell",
    "size": "10.9",
    "symbol": "SLERF-USDT",
    "takerOrderId": "674064304fe74600070ad995",
    "time": "1732273200385000000",
    "tradeId": "5583131762636801",
    "type": "match",
    "time_data_received": "11:00:00.4346"
  },
  {
    "makerOrderId": "67406430088f010007b88238",
    "price": "0.38",
    "sequence": "5583131872344065",
    "side": "buy",
    "size": "11",
    "symbol": "SLERF-USDT",
    "takerOrderId": "6740643068486d0007998892",
    "time": "1732273200553000000",
    "tradeId": "5583131872344065",
    "type": "match",
    "time_data_received": "11:00:00.6012"
  },
  {
    "makerOrderId": "6740643037061e0007546217",
    "price": "0.37",
    "sequence": "5583134775982081",
    "side": "sell",
    "size": "16.1",
    "symbol": "SLERF-USDT",
    "takerOrderId": "67406437df6f6e0007842677",
    "time": "1732273207318000000",
    "tradeId": "5583134775982081",
    "type": "match",
    "time_data_received": "11:00:07.4887"
  },
  {
    "makerOrderId": "67406437df6f6e0007842677",
    "price": "0.37",
    "sequence": "5583135000770561",
    "side": "buy",
    "size": "135.44",
    "symbol": "SLERF-USDT",
    "takerOrderId": "67406437ae93cc0007d8ae67",
    "time": "1732273207814000000",
    "tradeId": "5583135000770561",
    "type": "match",
    "time_data_received": "11:00:07.8585"
  },
  {
    "makerOrderId": "67406437df6f6e0007842677",
    "price": "0.37",
    "sequence": "5583136106887169",
    "side": "buy",
    "size": "62.16",
    "symbol": "SLERF-USDT",
    "takerOrderId": "6740643a31d09500073b7b2e",
    "time": "1732273210646000000",
    "tradeId": "5583136106887169",
    "type": "match",
    "time_data_received": "11:00:10.7895"
  },
  {
    "makerOrderId": "674064300d855300072f02a8",
    "price": "0.3668",
    "sequence": "5583136832763905",
    "side": "sell",
    "size": "100",
    "symbol": "SLERF-USDT",
    "takerOrderId": "6740643c088f010007b8ca8e",
    "time": "1732273212800000000",
    "tradeId": "5583136832763905",
    "type": "match",
    "time_data_received": "11:00:12.9197"
  },
  {
    "makerOrderId": "6740643c088f010007b8ca8e",
    "price": "0.3668",
    "sequence": "5583137811085313",
    "side": "buy",
    "size": "65.53",
    "symbol": "SLERF-USDT",
    "takerOrderId": "6740643fd52cb800070e33be",
    "time": "1732273215346000000",
    "tradeId": "5583137811085313",
    "type": "match",
    "time_data_received": "11:00:15.3930"
  },
  {
    "makerOrderId": "674064304fe74600070ad80f",
    "price": "0.3665",
    "sequence": "5583138321610753",
    "side": "sell",
    "size": "100",
    "symbol": "SLERF-USDT",
    "takerOrderId": "67406440ae93cc0007d8e033",
    "time": "1732273216763000000",
    "tradeId": "5583138321610753",
    "type": "match",
    "time_data_received": "11:00:16.8156"
  },
  {
    "makerOrderId": "674064304fe74600070ad832",
    "price": "0.3629",
    "sequence": "5583138321741825",
    "side": "sell",
    "size": "100",
    "symbol": "SLERF-USDT",
    "takerOrderId": "6740644031d09500073b9eb5",
    "time": "1732273216763000000",
    "tradeId": "5583138321741825",
    "type": "match",
    "time_data_received": "11:00:16.8168"
  },
  {
    "makerOrderId": "67406440f15b270007b12235",
    "price": "0.3627",
    "sequence": "5583138321741828",
    "side": "sell",
    "size": "136.37",
    "symbol": "SLERF-USDT",
    "takerOrderId": "6740644031d09500073b9eb5",
    "time": "1732273216763000000",
    "tradeId": "5583138321741828",
    "type": "match",
    "time_data_received": "11:00:16.8171"
  },
  {
    "makerOrderId": "67406430088f010007b8836e",
    "price": "0.3626",
    "sequence": "5583138321741831",
    "side": "sell",
    "size": "100",
    "symbol": "SLERF-USDT",
    "takerOrderId": "6740644031d09500073b9eb5",
    "time": "1732273216763000000",
    "tradeId": "5583138321741831",
    "type": "match",
    "time_data_received": "11:00:16.8172"
  },
  {
    "makerOrderId": "6740644031d09500073b9eb5",
    "price": "0.3626",
    "sequence": "5583138988505089",
    "side": "buy",
    "size": "2.63",
    "symbol": "SLERF-USDT",
    "takerOrderId": "6740644231d09500073ba956",
    "time": "1732273218711000000",
    "tradeId": "5583138988505089",
    "type": "match",
    "time_data_received": "11:00:18.7609"
  },
  {
    "makerOrderId": "67406445f4a7c50007aaf04b",
    "price": "0.3601",
    "sequence": "5583141864617985",
    "side": "sell",
    "size": "2.02",
    "symbol": "SLERF-USDT",
    "takerOrderId": "67406448ae93cc0007d91871",
    "time": "1732273224956000000",
    "tradeId": "5583141864617985",
    "type": "match",
    "time_data_received": "11:00:25.0165"
  },
  {
    "makerOrderId": "67406448ae93cc0007d91871",
    "price": "0.3601",
    "sequence": "5583141878904833",
    "side": "buy",
    "size": "274.93",
    "symbol": "SLERF-USDT",
    "takerOrderId": "67406448f4a7c50007ab0f30",
    "time": "1732273224981000000",
    "tradeId": "5583141878904833",
    "type": "match",
    "time_data_received": "11:00:25.0290"
  },
  {
    "makerOrderId": "67406448ae93cc0007d91871",
    "price": "0.3601",
    "sequence": "5583141879953409",
    "side": "buy",
    "size": "291.1",
    "symbol": "SLERF-USDT",
    "takerOrderId": "67406448088f010007b91abd",
    "time": "1732273224983000000",
    "tradeId": "5583141879953409",
    "type": "match",
    "time_data_received": "11:00:25.0294"
  },
  {
    "makerOrderId": "67406448ae93cc0007d91871",
    "price": "0.3601",
    "sequence": "5583141880084481",
    "side": "buy",
    "size": "93.99",
    "symbol": "SLERF-USDT",
    "takerOrderId": "674064484fe74600070b6fa6",
    "time": "1732273224983000000",
    "tradeId": "5583141880084481",
    "type": "match",
    "time_data_received": "11:00:25.0302"
  },
  {
    "makerOrderId": "67406448ae93cc0007d91871",
    "price": "0.3601",
    "sequence": "5583141880346625",
    "side": "buy",
    "size": "286.89",
    "symbol": "SLERF-USDT",
    "takerOrderId": "67406448f15b270007b15c8c",
    "time": "1732273224983000000",
    "tradeId": "5583141880346625",
    "type": "match",
    "time_data_received": "11:00:25.0305"
  },
  {
    "makerOrderId": "67406448ae93cc0007d91871",
    "price": "0.3601",
    "sequence": "5583141881395201",
    "side": "buy",
    "size": "45.34",
    "symbol": "SLERF-USDT",
    "takerOrderId": "674064484fe74600070b6faa",
    "time": "1732273224985000000",
    "tradeId": "5583141881395201",
    "type": "match",
    "time_data_received": "11:00:25.0347"
  },
  {
    "makerOrderId": "67406448ae93cc0007d91871",
    "price": "0.3601",
    "sequence": "5583141881526273",
    "side": "buy",
    "size": "113.83",
    "symbol": "SLERF-USDT",
    "takerOrderId": "67406448cf286a00074fd956",
    "time": "1732273224985000000",
    "tradeId": "5583141881526273",
    "type": "match",
    "time_data_received": "11:00:25.0349"
  },
  {
    "makerOrderId": "67406448ae93cc0007d91871",
    "price": "0.3601",
    "sequence": "5583141881657345",
    "side": "buy",
    "size": "127.6",
    "symbol": "SLERF-USDT",
    "takerOrderId": "67406448cf286a00074fd95a",
    "time": "1732273224985000000",
    "tradeId": "5583141881657345",
    "type": "match",
    "time_data_received": "11:00:25.0354"
  },
  {
    "makerOrderId": "67406448ae93cc0007d91871",
    "price": "0.3601",
    "sequence": "5583141883754497",
    "side": "buy",
    "size": "583.71",
    "symbol": "SLERF-USDT",
    "takerOrderId": "6740644867cdc900075c5103",
    "time": "1732273224988000000",
    "tradeId": "5583141883754497",
    "type": "match",
    "time_data_received": "11:00:25.0356"
  },
  {
    "makerOrderId": "67406448ae93cc0007d91871",
    "price": "0.3601",
    "sequence": "5583141886113793",
    "side": "buy",
    "size": "65.53",
    "symbol": "SLERF-USDT",
    "takerOrderId": "67406448c5ba74000798e658",
    "time": "1732273224992000000",
    "tradeId": "5583141886113793",
    "type": "match",
    "time_data_received": "11:00:25.0393"
  },
  {
    "makerOrderId": "67406448ae93cc0007d91871",
    "price": "0.3601",
    "sequence": "5583141886244865",
    "side": "buy",
    "size": "49.81",
    "symbol": "SLERF-USDT",
    "takerOrderId": "674064481586c10007af4332",
    "time": "1732273224992000000",
    "tradeId": "5583141886244865",
    "type": "match",
    "time_data_received": "11:00:25.0398"
  },
  {
    "makerOrderId": "67406448ae93cc0007d91871",
    "price": "0.3601",
    "sequence": "5583141887162369",
    "side": "buy",
    "size": "835.79",
    "symbol": "SLERF-USDT",
    "takerOrderId": "674064480d855300072f9a66",
    "time": "1732273224994000000",
    "tradeId": "5583141887162369",
    "type": "match",
    "time_data_received": "11:00:25.0400"
  },
  {
    "makerOrderId": "67406448ae93cc0007d91871",
    "price": "0.3601",
    "sequence": "5583141890045953",
    "side": "buy",
    "size": "291.1",
    "symbol": "SLERF-USDT",
    "takerOrderId": "67406448c65bf70007440f9a",
    "time": "1732273224996000000",
    "tradeId": "5583141890045953",
    "type": "match",
    "time_data_received": "11:00:25.0733"
  },
  {
    "makerOrderId": "67406448ae93cc0007d91871",
    "price": "0.3601",
    "sequence": "5583141895026689",
    "side": "buy",
    "size": "249.1",
    "symbol": "SLERF-USDT",
    "takerOrderId": "674064494fe74600070b6fdf",
    "time": "1732273225007000000",
    "tradeId": "5583141895026689",
    "type": "match",
    "time_data_received": "11:00:25.0735"
  },
  {
    "makerOrderId": "67406448ae93cc0007d91871",
    "price": "0.3601",
    "sequence": "5583141895157761",
    "side": "buy",
    "size": "47.88",
    "symbol": "SLERF-USDT",
    "takerOrderId": "674064491586c10007af4350",
    "time": "1732273225007000000",
    "tradeId": "5583141895157761",
    "type": "match",
    "time_data_received": "11:00:25.0742"
  },
  {
    "makerOrderId": "67406448ae93cc0007d91871",
    "price": "0.3601",
    "sequence": "5583141895288833",
    "side": "buy",
    "size": "37.06",
    "symbol": "SLERF-USDT",
    "takerOrderId": "67406449f4f1200007c981be",
    "time": "1732273225007000000",
    "tradeId": "5583141895288833",
    "type": "match",
    "time_data_received": "11:00:25.0744"
  },
  {
    "makerOrderId": "67406448ae93cc0007d91871",
    "price": "0.3601",
    "sequence": "5583141895419905",
    "side": "buy",
    "size": "32.28",
    "symbol": "SLERF-USDT",
    "takerOrderId": "6740644931d09500073bd81d",
    "time": "1732273225007000000",
    "tradeId": "5583141895419905",
    "type": "match",
    "time_data_received": "11:00:25.0747"
  },
  {
    "makerOrderId": "67406448ae93cc0007d91871",
    "price": "0.3601",
    "sequence": "5583141897123841",
    "side": "buy",
    "size": "291.1",
    "symbol": "SLERF-USDT",
    "takerOrderId": "674064496967d30007144fcf",
    "time": "1732273225009000000",
    "tradeId": "5583141897123841",
    "type": "match",
    "time_data_received": "11:00:25.0748"
  },
  {
    "makerOrderId": "67406448ae93cc0007d91871",
    "price": "0.3601",
    "sequence": "5583141897254913",
    "side": "buy",
    "size": "140.75",
    "symbol": "SLERF-USDT",
    "takerOrderId": "67406449f4f1200007c981c5",
    "time": "1732273225009000000",
    "tradeId": "5583141897254913",
    "type": "match",
    "time_data_received": "11:00:25.1280"
  },
  {
    "makerOrderId": "67406448ae93cc0007d91871",
    "price": "0.3601",
    "sequence": "5583141897385985",
    "side": "buy",
    "size": "45.65",
    "symbol": "SLERF-USDT",
    "takerOrderId": "67406449ae93cc0007d91904",
    "time": "1732273225009000000",
    "tradeId": "5583141897385985",
    "type": "match",
    "time_data_received": "11:00:25.1282"
  },
  {
    "makerOrderId": "6740644031d09500073b9eb5",
    "price": "0.3626",
    "sequence": "5583141901187073",
    "side": "buy",
    "size": "38.76",
    "symbol": "SLERF-USDT",
    "takerOrderId": "67406449df6f6e000784949b",
    "time": "1732273225021000000",
    "tradeId": "5583141901187073",
    "type": "match",
    "time_data_received": "11:00:25.1284"
  },
  {
    "makerOrderId": "6740644031d09500073b9eb5",
    "price": "0.3626",
    "sequence": "5583141905512449",
    "side": "buy",
    "size": "159.59",
    "symbol": "SLERF-USDT",
    "takerOrderId": "67406449f4a7c50007ab0fa5",
    "time": "1732273225031000000",
    "tradeId": "5583141905512449",
    "type": "match",
    "time_data_received": "11:00:25.1286"
  },
  {
    "makerOrderId": "674064490d855300072f9e33",
    "price": "0.3601",
    "sequence": "5583142119553025",
    "side": "buy",
    "size": "317.42",
    "symbol": "SLERF-USDT",
    "takerOrderId": "67406449f4a7c50007ab135e",
    "time": "1732273225608000000",
    "tradeId": "5583142119553025",
    "type": "match",
    "time_data_received": "11:00:25.6580"
  },
  {
    "makerOrderId": "674064490d855300072f9e33",
    "price": "0.3601",
    "sequence": "5583142119946241",
    "side": "buy",
    "size": "109.66",
    "symbol": "SLERF-USDT",
    "takerOrderId": "6740644967cdc900075c552b",
    "time": "1732273225609000000",
    "tradeId": "5583142119946241",
    "type": "match",
    "time_data_received": "11:00:25.6582"
  },
  {
    "makerOrderId": "674064490d855300072f9e33",
    "price": "0.3601",
    "sequence": "5583142137116673",
    "side": "buy",
    "size": "172.62",
    "symbol": "SLERF-USDT",
    "takerOrderId": "67406449f1bf400007a4cf38",
    "time": "1732273225652000000",
    "tradeId": "5583142137116673",
    "type": "match",
    "time_data_received": "11:00:25.7388"
  },
  {
    "makerOrderId": "674064490d855300072f9e33",
    "price": "0.3601",
    "sequence": "5583142143014913",
    "side": "buy",
    "size": "28.48",
    "symbol": "SLERF-USDT",
    "takerOrderId": "67406449c65bf70007441402",
    "time": "1732273225662000000",
    "tradeId": "5583142143014913",
    "type": "match",
    "time_data_received": "11:00:25.7390"
  },
  {
    "makerOrderId": "674064490d855300072f9e33",
    "price": "0.3601",
    "sequence": "5583142148913153",
    "side": "buy",
    "size": "54.15",
    "symbol": "SLERF-USDT",
    "takerOrderId": "67406449f1bf400007a4cf59",
    "time": "1732273225675000000",
    "tradeId": "5583142148913153",
    "type": "match",
    "time_data_received": "11:00:25.7393"
  },
  {
    "makerOrderId": "674064490d855300072f9e33",
    "price": "0.3601",
    "sequence": "5583142162151425",
    "side": "buy",
    "size": "86.2",
    "symbol": "SLERF-USDT",
    "takerOrderId": "674064490d855300072f9f3d",
    "time": "1732273225702000000",
    "tradeId": "5583142162151425",
    "type": "match",
    "time_data_received": "11:00:25.8297"
  },
  {
    "makerOrderId": "674064490d855300072f9e33",
    "price": "0.3601",
    "sequence": "5583142163068929",
    "side": "buy",
    "size": "28.48",
    "symbol": "SLERF-USDT",
    "takerOrderId": "67406449f4f1200007c9865e",
    "time": "1732273225704000000",
    "tradeId": "5583142163068929",
    "type": "match",
    "time_data_received": "11:00:25.8299"
  },
  {
    "makerOrderId": "674064490d855300072f9e33",
    "price": "0.3601",
    "sequence": "5583142166607873",
    "side": "buy",
    "size": "154.11",
    "symbol": "SLERF-USDT",
    "takerOrderId": "67406449ae93cc0007d91d70",
    "time": "1732273225712000000",
    "tradeId": "5583142166607873",
    "type": "match",
    "time_data_received": "11:00:25.8304"
  },
  {
    "makerOrderId": "674064490d855300072f9e33",
    "price": "0.3601",
    "sequence": "5583142336870401",
    "side": "buy",
    "size": "55.47",
    "symbol": "SLERF-USDT",
    "takerOrderId": "6740644aae93cc0007d92006",
    "time": "1732273226120000000",
    "tradeId": "5583142336870401",
    "type": "match",
    "time_data_received": "11:00:26.1778"
  },
  {
    "makerOrderId": "674064490d855300072f9e33",
    "price": "0.3601",
    "sequence": "5583142347487233",
    "side": "buy",
    "size": "55.47",
    "symbol": "SLERF-USDT",
    "takerOrderId": "6740644ab7e21a0007750d10",
    "time": "1732273226142000000",
    "tradeId": "5583142347487233",
    "type": "match",
    "time_data_received": "11:00:26.1956"
  },
  {
    "makerOrderId": "67406430c65bf700074376fc",
    "price": "0.36",
    "sequence": "5583142758791169",
    "side": "sell",
    "size": "25.55",
    "symbol": "SLERF-USDT",
    "takerOrderId": "6740644b31d09500073be4bb",
    "time": "1732273227165000000",
    "tradeId": "5583142758791169",
    "type": "match",
    "time_data_received": "11:00:27.2149"
  },
  {
    "makerOrderId": "67406430c65bf700074376fc",
    "price": "0.36",
    "sequence": "5583142764165121",
    "side": "sell",
    "size": "54.44",
    "symbol": "SLERF-USDT",
    "takerOrderId": "6740644bf1bf400007a4d7d6",
    "time": "1732273227181000000",
    "tradeId": "5583142764165121",
    "type": "match",
    "time_data_received": "11:00:27.2500"
  },
  {
    "makerOrderId": "67406430c65bf700074376fc",
    "price": "0.36",
    "sequence": "5583143131953153",
    "side": "sell",
    "size": "20.01",
    "symbol": "SLERF-USDT",
    "takerOrderId": "6740644cf15b270007b16f95",
    "time": "1732273228043000000",
    "tradeId": "5583143131953153",
    "type": "match",
    "time_data_received": "11:00:28.1125"
  },
  {
    "makerOrderId": "6740644bae93cc0007d92a8c",
    "price": "0.36",
    "sequence": "5583143131953156",
    "side": "sell",
    "size": "8.54",
    "symbol": "SLERF-USDT",
    "takerOrderId": "6740644cf15b270007b16f95",
    "time": "1732273228043000000",
    "tradeId": "5583143131953156",
    "type": "match",
    "time_data_received": "11:00:28.1129"
  },
  {
    "makerOrderId": "6740644cf15b270007b16f95",
    "price": "0.36",
    "sequence": "5583143997421569",
    "side": "buy",
    "size": "129.59",
    "symbol": "SLERF-USDT",
    "takerOrderId": "6740644ed52cb800070e9412",
    "time": "1732273230220000000",
    "tradeId": "5583143997421569",
    "type": "match",
    "time_data_received": "11:00:30.3178"
  },
  {
    "makerOrderId": "6740644cf15b270007b16f95",
    "price": "0.36",
    "sequence": "5583144010790913",
    "side": "buy",
    "size": "11.68",
    "symbol": "SLERF-USDT",
    "takerOrderId": "6740644e37061e00075519be",
    "time": "1732273230262000000",
    "tradeId": "5583144010790913",
    "type": "match",
    "time_data_received": "11:00:30.3179"
  },
  {
    "makerOrderId": "674064516967d300071483ea",
    "price": "0.3597",
    "sequence": "5583149845067777",
    "side": "buy",
    "size": "16.14",
    "symbol": "SLERF-USDT",
    "takerOrderId": "6740645cf4a7c50007ab918e",
    "time": "1732273244262000000",
    "tradeId": "5583149845067777",
    "type": "match",
    "time_data_received": "11:00:44.3054"
  },
  {
    "makerOrderId": "6740644b4fe74600070b7c36",
    "price": "0.3584",
    "sequence": "5583150826534913",
    "side": "sell",
    "size": "2",
    "symbol": "SLERF-USDT",
    "takerOrderId": "6740645fd52cb800070f06e5",
    "time": "1732273247116000000",
    "tradeId": "5583150826534913",
    "type": "match",
    "time_data_received": "11:00:47.1631"
  }
]