{
  "metadata": {
    "symbol": "BTC",
    "channel": "match",
    "start_time": "12:17:15.5805",
    "release_time": "12:17:18.5805",
    "end_time": "12:17:48.5805",
    "total_messages": 28,
    "final_snapshot": {
      "time": "12:17:48.0080",
      "symbol": "BTC-USDT",
      "price_high": "99595",
      "price_last": "98482.7",
      "price_low": "97017.5",
      "price_avg": "98197.50976723",
      "volValue_USDT": "269446751.642110794"
    }
  },
  "data": [
    {
      "makerOrderId": "6741c7cb1586c100074758da",
      "price": "98484.6",
      "sequence": "11566308853301249",
      "side": "buy",
      "size": "0.0003264",
      "symbol": "BTC-USDT",
      "takerOrderId": "6741c7ccae93cc0007715be8",
      "time": "1732364236964000000",
      "tradeId": "11566308853301249",
      "type": "match",
      "time_received": "12:17:17.0094"
    },
    {
      "makerOrderId": "6741c7cb1586c100074758da",
      "price": "98484.6",
      "sequence": "11566309311922177",
      "side": "buy",
      "size": "0.00053276",
      "symbol": "BTC-USDT",
      "takerOrderId": "6741c7cfc65bf70007dc5e52",
      "time": "1732364239441000000",
      "tradeId": "11566309311922177",
      "type": "match",
      "time_received": "12:17:19.4832"
    },
    {
      "makerOrderId": "6741c7cb1586c100074758da",
      "price": "98484.6",
      "sequence": "11566309579440129",
      "side": "buy",
      "size": "0.0000331",
      "symbol": "BTC-USDT",
      "takerOrderId": "6741c7d0f4f120000761e327",
      "time": "1732364240850000000",
      "tradeId": "11566309579440129",
      "type": "match",
      "time_received": "12:17:20.8961"
    },
    {
      "makerOrderId": "6741c7cb1586c100074758da",
      "price": "98484.6",
      "sequence": "11566310049857537",
      "side": "buy",
      "size": "0.00004593",
      "symbol": "BTC-USDT",
      "takerOrderId": "6741c7d2f4a7c50007437824",
      "time": "1732364242764000000",
      "tradeId": "11566310049857537",
      "type": "match",
      "time_received": "12:17:22.8095"
    },
    {
      "makerOrderId": "6741c7cb1586c100074758da",
      "price": "98484.6",
      "sequence": "11566311279443969",
      "side": "buy",
      "size": "0.0000143",
      "symbol": "BTC-USDT",
      "takerOrderId": "6741c7d9f15b27000749cabe",
      "time": "1732364249015000000",
      "tradeId": "11566311279443969",
      "type": "match",
      "time_received": "12:17:29.0593"
    },
    {
      "makerOrderId": "6741c7cb1586c100074758da",
      "price": "98484.6",
      "sequence": "11566311306313729",
      "side": "buy",
      "size": "0.00237354",
      "symbol": "BTC-USDT",
      "takerOrderId": "6741c7d937061e0007ed845c",
      "time": "1732364249131000000",
      "tradeId": "11566311306313729",
      "type": "match",
      "time_received": "12:17:29.1770"
    },
    {
      "makerOrderId": "6741c7cb1586c100074758da",
      "price": "98484.6",
      "sequence": "11566311381286913",
      "side": "buy",
      "size": "0.00001083",
      "symbol": "BTC-USDT",
      "takerOrderId": "6741c7d9cf286a0007e84c56",
      "time": "1732364249459000000",
      "tradeId": "11566311381286913",
      "type": "match",
      "time_received": "12:17:29.5045"
    },
    {
      "makerOrderId": "6741c7cb1586c100074758da",
      "price": "98484.6",
      "sequence": "11566311791411201",
      "side": "buy",
      "size": "0.0005725",
      "symbol": "BTC-USDT",
      "takerOrderId": "6741c7dbd52cb80007a738ac",
      "time": "1732364251428000000",
      "tradeId": "11566311791411201",
      "type": "match",
      "time_received": "12:17:31.4731"
    },
    {
      "makerOrderId": "6741c7cb1586c100074758da",
      "price": "98484.6",
      "sequence": "11566311943585793",
      "side": "buy",
      "size": "0.00003189",
      "symbol": "BTC-USDT",
      "takerOrderId": "6741c7dc67cdc90007f4eea2",
      "time": "1732364252429000000",
      "tradeId": "11566311943585793",
      "type": "match",
      "time_received": "12:17:32.4705"
    },
    {
      "makerOrderId": "6741c7cb1586c100074758da",
      "price": "98484.6",
      "sequence": "11566311950401537",
      "side": "buy",
      "size": "0.00072819",
      "symbol": "BTC-USDT",
      "takerOrderId": "6741c7dcf15b27000749dce7",
      "time": "1732364252454000000",
      "tradeId": "11566311950401537",
      "type": "match",
      "time_received": "12:17:32.5003"
    },
    {
      "makerOrderId": "6741c7cb1586c100074758da",
      "price": "98484.6",
      "sequence": "11566312116469761",
      "side": "buy",
      "size": "0.00007872",
      "symbol": "BTC-USDT",
      "takerOrderId": "6741c7dd088f010007519b23",
      "time": "1732364253503000000",
      "tradeId": "11566312116469761",
      "type": "match",
      "time_received": "12:17:33.5485"
    },
    {
      "makerOrderId": "6741c7cb1586c100074758da",
      "price": "98484.6",
      "sequence": "11566312223555585",
      "side": "buy",
      "size": "0.00009901",
      "symbol": "BTC-USDT",
      "takerOrderId": "6741c7de31d0950007d47caa",
      "time": "1732364254226000000",
      "tradeId": "11566312223555585",
      "type": "match",
      "time_received": "12:17:34.2717"
    },
    {
      "makerOrderId": "6741c7cb1586c100074758da",
      "price": "98484.6",
      "sequence": "11566312479408129",
      "side": "buy",
      "size": "0.00003492",
      "symbol": "BTC-USDT",
      "takerOrderId": "6741c7dff4f1200007622fbc",
      "time": "1732364255358000000",
      "tradeId": "11566312479408129",
      "type": "match",
      "time_received": "12:17:35.4014"
    },
    {
      "makerOrderId": "6741c7cc4fe7460007a39e67",
      "price": "98484.5",
      "sequence": "11566312684929025",
      "side": "sell",
      "size": "0.00102586",
      "symbol": "BTC-USDT",
      "takerOrderId": "6741c7e0d52cb80007a75244",
      "time": "1732364256433000000",
      "tradeId": "11566312684929025",
      "type": "match",
      "time_received": "12:17:36.4791"
    },
    {
      "makerOrderId": "6741c7ccf1bf4000073d2c5a",
      "price": "98484.5",
      "sequence": "11566312684929028",
      "side": "sell",
      "size": "0.0202844",
      "symbol": "BTC-USDT",
      "takerOrderId": "6741c7e0d52cb80007a75244",
      "time": "1732364256433000000",
      "tradeId": "11566312684929028",
      "type": "match",
      "time_received": "12:17:36.4792"
    },
    {
      "makerOrderId": "6741c7d64fe7460007a3d651",
      "price": "98484.5",
      "sequence": "11566312684929031",
      "side": "sell",
      "size": "0.00095848",
      "symbol": "BTC-USDT",
      "takerOrderId": "6741c7e0d52cb80007a75244",
      "time": "1732364256433000000",
      "tradeId": "11566312684929031",
      "type": "match",
      "time_received": "12:17:36.4793"
    },
    {
      "makerOrderId": "6741c7c94fe7460007a39083",
      "price": "98483.2",
      "sequence": "11566312684929034",
      "side": "sell",
      "size": "0.00070951",
      "symbol": "BTC-USDT",
      "takerOrderId": "6741c7e0d52cb80007a75244",
      "time": "1732364256433000000",
      "tradeId": "11566312684929034",
      "type": "match",
      "time_received": "12:17:36.4794"
    },
    {
      "makerOrderId": "6741c7df1586c1000747be96",
      "price": "98482.7",
      "sequence": "11566312684929037",
      "side": "sell",
      "size": "0.09993232",
      "symbol": "BTC-USDT",
      "takerOrderId": "6741c7e0d52cb80007a75244",
      "time": "1732364256433000000",
      "tradeId": "11566312684929037",
      "type": "match",
      "time_received": "12:17:36.4795"
    },
    {
      "makerOrderId": "6741c7db6967d30007acf761",
      "price": "98482.6",
      "sequence": "11566312684929040",
      "side": "sell",
      "size": "0.12191969",
      "symbol": "BTC-USDT",
      "takerOrderId": "6741c7e0d52cb80007a75244",
      "time": "1732364256433000000",
      "tradeId": "11566312684929040",
      "type": "match",
      "time_received": "12:17:36.4795"
    },
    {
      "makerOrderId": "6741c7db088f010007518e7f",
      "price": "98482.5",
      "sequence": "11566312684929043",
      "side": "sell",
      "size": "0.0863191",
      "symbol": "BTC-USDT",
      "takerOrderId": "6741c7e0d52cb80007a75244",
      "time": "1732364256433000000",
      "tradeId": "11566312684929043",
      "type": "match",
      "time_received": "12:17:36.4795"
    },
    {
      "makerOrderId": "6741c7e0c65bf70007dcb716",
      "price": "98482.6",
      "sequence": "11566312952971265",
      "side": "sell",
      "size": "0.00018292",
      "symbol": "BTC-USDT",
      "takerOrderId": "6741c7e1f1bf4000073d9bdc",
      "time": "1732364257820000000",
      "tradeId": "11566312952971265",
      "type": "match",
      "time_received": "12:17:37.8682"
    },
    {
      "makerOrderId": "6741c7e0c65bf70007dcb716",
      "price": "98482.6",
      "sequence": "11566313110519809",
      "side": "sell",
      "size": "0.00044611",
      "symbol": "BTC-USDT",
      "takerOrderId": "6741c7e2df6f6e00071d3d75",
      "time": "1732364258620000000",
      "tradeId": "11566313110519809",
      "type": "match",
      "time_received": "12:17:38.6624"
    },
    {
      "makerOrderId": "6741c7e0c65bf70007dcb716",
      "price": "98482.6",
      "sequence": "11566313407528961",
      "side": "sell",
      "size": "0.00004364",
      "symbol": "BTC-USDT",
      "takerOrderId": "6741c7e4d52cb80007a765b4",
      "time": "1732364260273000000",
      "tradeId": "11566313407528961",
      "type": "match",
      "time_received": "12:17:40.3182"
    },
    {
      "makerOrderId": "6741c7e0cf286a0007e86fde",
      "price": "98482.7",
      "sequence": "11566313481322497",
      "side": "buy",
      "size": "0.00020311",
      "symbol": "BTC-USDT",
      "takerOrderId": "6741c7e4c65bf70007dcccbd",
      "time": "1732364260627000000",
      "tradeId": "11566313481322497",
      "type": "match",
      "time_received": "12:17:40.6668"
    },
    {
      "makerOrderId": "6741c7e0cf286a0007e86fde",
      "price": "98482.7",
      "sequence": "11566313734160385",
      "side": "buy",
      "size": "0.00018703",
      "symbol": "BTC-USDT",
      "takerOrderId": "6741c7e51586c1000747de4a",
      "time": "1732364261893000000",
      "tradeId": "11566313734160385",
      "type": "match",
      "time_received": "12:17:41.9353"
    },
    {
      "makerOrderId": "6741c7e0cf286a0007e86fde",
      "price": "98482.7",
      "sequence": "11566314138648577",
      "side": "buy",
      "size": "0.00003638",
      "symbol": "BTC-USDT",
      "takerOrderId": "6741c7e71586c1000747e77a",
      "time": "1732364263640000000",
      "tradeId": "11566314138648577",
      "type": "match",
      "time_received": "12:17:43.6854"
    },
    {
      "makerOrderId": "6741c7e0c65bf70007dcb716",
      "price": "98482.6",
      "sequence": "11566314295148545",
      "side": "sell",
      "size": "0.00052786",
      "symbol": "BTC-USDT",
      "takerOrderId": "6741c7e8f4a7c5000743e6aa",
      "time": "1732364264426000000",
      "tradeId": "11566314295148545",
      "type": "match",
      "time_received": "12:17:44.4718"
    },
    {
      "makerOrderId": "6741c7e0cf286a0007e86fde",
      "price": "98482.7",
      "sequence": "11566314631741441",
      "side": "buy",
      "size": "0.00002",
      "symbol": "BTC-USDT",
      "takerOrderId": "6741c7ea4fe7460007a43a41",
      "time": "1732364266248000000",
      "tradeId": "11566314631741441",
      "type": "match",
      "time_received": "12:17:46.2910"
    }
  ]
}