{
  "metadata": {
    "symbol": "BTC",
    "channel": "match",
    "start_time": "14:10:35.2885",
    "release_time": "14:10:38.2885",
    "end_time": "14:11:08.2885",
    "total_messages": 93,
    "final_snapshot": {
      "time": "14:11:08.1340",
      "symbol": "BTC-USDT",
      "price_high": "99595",
      "price_last": "98492.1",
      "price_low": "97017.5",
      "price_avg": "98197.50976723",
      "volValue_USDT": "251230866.030440682"
    }
  },
  "data": [
    {
      "makerOrderId": "6741e25bd52cb800074c40f9",
      "price": "98503.1",
      "sequence": "11568053339963393",
      "side": "buy",
      "size": "0.00101511",
      "symbol": "BTC-USDT",
      "takerOrderId": "6741e25c088f010007f6aa86",
      "time": "1732371036478000000",
      "tradeId": "11568053339963393",
      "type": "match",
      "time_received": "14:10:36.5276"
    },
    {
      "makerOrderId": "6741e25b6967d300075206fc",
      "price": "98503",
      "sequence": "11568053525430273",
      "side": "sell",
      "size": "0.00069493",
      "symbol": "BTC-USDT",
      "takerOrderId": "6741e25cf1bf400007e2902c",
      "time": "1732371036889000000",
      "tradeId": "11568053525430273",
      "type": "match",
      "time_received": "14:10:36.9434"
    },
    {
      "makerOrderId": "6741e25bb7e21a0007b27bbf",
      "price": "98503",
      "sequence": "11568053525430276",
      "side": "sell",
      "size": "0.00132777",
      "symbol": "BTC-USDT",
      "takerOrderId": "6741e25cf1bf400007e2902c",
      "time": "1732371036889000000",
      "tradeId": "11568053525430276",
      "type": "match",
      "time_received": "14:10:36.9436"
    },
    {
      "makerOrderId": "6741e25c37061e000792a2fa",
      "price": "98503",
      "sequence": "11568053525430279",
      "side": "sell",
      "size": "0.05888354",
      "symbol": "BTC-USDT",
      "takerOrderId": "6741e25cf1bf400007e2902c",
      "time": "1732371036889000000",
      "tradeId": "11568053525430279",
      "type": "match",
      "time_received": "14:10:36.9437"
    },
    {
      "makerOrderId": "6741e25cf4a7c50007e8bdab",
      "price": "98503",
      "sequence": "11568053527134209",
      "side": "sell",
      "size": "0.00067303",
      "symbol": "BTC-USDT",
      "takerOrderId": "6741e25cdf6f6e0007c22cbc",
      "time": "1732371036891000000",
      "tradeId": "11568053527134209",
      "type": "match",
      "time_received": "14:10:36.9437"
    },
    {
      "makerOrderId": "6741e25cf4a7c50007e8bdad",
      "price": "98503",
      "sequence": "11568053527134212",
      "side": "sell",
      "size": "0.00067303",
      "symbol": "BTC-USDT",
      "takerOrderId": "6741e25cdf6f6e0007c22cbc",
      "time": "1732371036891000000",
      "tradeId": "11568053527134212",
      "type": "match",
      "time_received": "14:10:36.9437"
    },
    {
      "makerOrderId": "6741e1971586c10007e76795",
      "price": "98500",
      "sequence": "11568053608529921",
      "side": "sell",
      "size": "0.00186944",
      "symbol": "BTC-USDT",
      "takerOrderId": "6741e25d31d0950007798366",
      "time": "1732371037037000000",
      "tradeId": "11568053608529921",
      "type": "match",
      "time_received": "14:10:37.0841"
    },
    {
      "makerOrderId": "6741e25cc65bf7000781b058",
      "price": "98500",
      "sequence": "11568053608529924",
      "side": "sell",
      "size": "0.0015393",
      "symbol": "BTC-USDT",
      "takerOrderId": "6741e25d31d0950007798366",
      "time": "1732371037037000000",
      "tradeId": "11568053608529924",
      "type": "match",
      "time_received": "14:10:37.0842"
    },
    {
      "makerOrderId": "6741e25c37061e000792a3f6",
      "price": "98500",
      "sequence": "11568053608529927",
      "side": "sell",
      "size": "0.00296893",
      "symbol": "BTC-USDT",
      "takerOrderId": "6741e25d31d0950007798366",
      "time": "1732371037037000000",
      "tradeId": "11568053608529927",
      "type": "match",
      "time_received": "14:10:37.0842"
    },
    {
      "makerOrderId": "6741e1400d8553000765f264",
      "price": "98495.2",
      "sequence": "11568053702246401",
      "side": "sell",
      "size": "0.00033",
      "symbol": "BTC-USDT",
      "takerOrderId": "6741e25df4f1200007073c4d",
      "time": "1732371037208000000",
      "tradeId": "11568053702246401",
      "type": "match",
      "time_received": "14:10:37.2581"
    },
    {
      "makerOrderId": "6741e25d37061e000792a510",
      "price": "98495.2",
      "sequence": "11568053702246404",
      "side": "sell",
      "size": "0.00051242",
      "symbol": "BTC-USDT",
      "takerOrderId": "6741e25df4f1200007073c4d",
      "time": "1732371037208000000",
      "tradeId": "11568053702246404",
      "type": "match",
      "time_received": "14:10:37.2582"
    },
    {
      "makerOrderId": "6741e25d68486d0007d7f680",
      "price": "98495.2",
      "sequence": "11568053702246407",
      "side": "sell",
      "size": "0.00028458",
      "symbol": "BTC-USDT",
      "takerOrderId": "6741e25df4f1200007073c4d",
      "time": "1732371037208000000",
      "tradeId": "11568053702246407",
      "type": "match",
      "time_received": "14:10:37.2583"
    },
    {
      "makerOrderId": "6741e25d68486d0007d7f680",
      "price": "98495.2",
      "sequence": "11568053731868673",
      "side": "sell",
      "size": "0.00173812",
      "symbol": "BTC-USDT",
      "takerOrderId": "6741e25d68486d0007d7f867",
      "time": "1732371037307000000",
      "tradeId": "11568053731868673",
      "type": "match",
      "time_received": "14:10:37.3538"
    },
    {
      "makerOrderId": "6741e25d088f010007f6b242",
      "price": "98495.2",
      "sequence": "11568053731868676",
      "side": "sell",
      "size": "0.00826188",
      "symbol": "BTC-USDT",
      "takerOrderId": "6741e25d68486d0007d7f867",
      "time": "1732371037307000000",
      "tradeId": "11568053731868676",
      "type": "match",
      "time_received": "14:10:37.3538"
    },
    {
      "makerOrderId": "6741e25d088f010007f6b242",
      "price": "98495.2",
      "sequence": "11568053870936065",
      "side": "sell",
      "size": "0.01152963",
      "symbol": "BTC-USDT",
      "takerOrderId": "6741e25d67cdc900079a13c1",
      "time": "1732371037762000000",
      "tradeId": "11568053870936065",
      "type": "match",
      "time_received": "14:10:37.8118"
    },
    {
      "makerOrderId": "6741e25d67cdc900079a13c1",
      "price": "98493",
      "sequence": "11568053878669313",
      "side": "buy",
      "size": "0.00143567",
      "symbol": "BTC-USDT",
      "takerOrderId": "6741e25dc65bf7000781b71f",
      "time": "1732371037775000000",
      "tradeId": "11568053878669313",
      "type": "match",
      "time_received": "14:10:37.8250"
    },
    {
      "makerOrderId": "6741e25d0d855300076db782",
      "price": "98492.9",
      "sequence": "11568054272409601",
      "side": "buy",
      "size": "0.01275552",
      "symbol": "BTC-USDT",
      "takerOrderId": "6741e25ecf286a00078d866c",
      "time": "1732371038926000000",
      "tradeId": "11568054272409601",
      "type": "match",
      "time_received": "14:10:38.9761"
    },
    {
      "makerOrderId": "6741e25d0d855300076db782",
      "price": "98492.9",
      "sequence": "11568054398500865",
      "side": "buy",
      "size": "0.00025357",
      "symbol": "BTC-USDT",
      "takerOrderId": "6741e25fede74f000740a063",
      "time": "1732371039385000000",
      "tradeId": "11568054398500865",
      "type": "match",
      "time_received": "14:10:39.4347"
    },
    {
      "makerOrderId": "6741e25d0d855300076db782",
      "price": "98492.9",
      "sequence": "11568054769303553",
      "side": "buy",
      "size": "0.00069039",
      "symbol": "BTC-USDT",
      "takerOrderId": "6741e260f4a7c50007e8dc42",
      "time": "1732371040438000000",
      "tradeId": "11568054769303553",
      "type": "match",
      "time_received": "14:10:40.4823"
    },
    {
      "makerOrderId": "6741e25d0d855300076db782",
      "price": "98492.9",
      "sequence": "11568054861578241",
      "side": "buy",
      "size": "0.00050643",
      "symbol": "BTC-USDT",
      "takerOrderId": "6741e26037061e000792c528",
      "time": "1732371040749000000",
      "tradeId": "11568054861578241",
      "type": "match",
      "time_received": "14:10:40.7983"
    },
    {
      "makerOrderId": "6741e25dc5ba740007d6a550",
      "price": "98492.8",
      "sequence": "11568055008378881",
      "side": "sell",
      "size": "0.0046499",
      "symbol": "BTC-USDT",
      "takerOrderId": "6741e26137061e000792c923",
      "time": "1732371041354000000",
      "tradeId": "11568055008378881",
      "type": "match",
      "time_received": "14:10:41.4054"
    },
    {
      "makerOrderId": "6741e25dc5ba740007d6a550",
      "price": "98492.8",
      "sequence": "11568055128440833",
      "side": "sell",
      "size": "0.00060029",
      "symbol": "BTC-USDT",
      "takerOrderId": "6741e261f4a7c50007e8e6a7",
      "time": "1732371041901000000",
      "tradeId": "11568055128440833",
      "type": "match",
      "time_received": "14:10:41.9509"
    },
    {
      "makerOrderId": "6741e25dc5ba740007d6a550",
      "price": "98492.8",
      "sequence": "11568055132897281",
      "side": "sell",
      "size": "0.00012201",
      "symbol": "BTC-USDT",
      "takerOrderId": "6741e261f1bf400007e2b9f5",
      "time": "1732371041927000000",
      "tradeId": "11568055132897281",
      "type": "match",
      "time_received": "14:10:41.9769"
    },
    {
      "makerOrderId": "6741e25dc5ba740007d6a550",
      "price": "98492.8",
      "sequence": "11568055241687041",
      "side": "sell",
      "size": "0.00025746",
      "symbol": "BTC-USDT",
      "takerOrderId": "6741e262f4f1200007076597",
      "time": "1732371042466000000",
      "tradeId": "11568055241687041",
      "type": "match",
      "time_received": "14:10:42.5169"
    },
    {
      "makerOrderId": "6741e25dc5ba740007d6a550",
      "price": "98492.8",
      "sequence": "11568055702929409",
      "side": "sell",
      "size": "0.00004099",
      "symbol": "BTC-USDT",
      "takerOrderId": "6741e26468486d0007d82c99",
      "time": "1732371044210000000",
      "tradeId": "11568055702929409",
      "type": "match",
      "time_received": "14:10:44.2574"
    },
    {
      "makerOrderId": "6741e25d0d855300076db782",
      "price": "98492.9",
      "sequence": "11568056049876993",
      "side": "buy",
      "size": "0.00010289",
      "symbol": "BTC-USDT",
      "takerOrderId": "6741e26437061e000792e036",
      "time": "1732371045019000000",
      "tradeId": "11568056049876993",
      "type": "match",
      "time_received": "14:10:45.0688"
    },
    {
      "makerOrderId": "6741e25dc5ba740007d6a550",
      "price": "98492.8",
      "sequence": "11568057003819009",
      "side": "sell",
      "size": "0.01532707",
      "symbol": "BTC-USDT",
      "takerOrderId": "6741e268f15b270007ef4cde",
      "time": "1732371048888000000",
      "tradeId": "11568057003819009",
      "type": "match",
      "time_received": "14:10:48.9483"
    },
    {
      "makerOrderId": "6741e25ef4f120000707461a",
      "price": "98492.8",
      "sequence": "11568057003819012",
      "side": "sell",
      "size": "0.01543843",
      "symbol": "BTC-USDT",
      "takerOrderId": "6741e268f15b270007ef4cde",
      "time": "1732371048888000000",
      "tradeId": "11568057003819012",
      "type": "match",
      "time_received": "14:10:48.9484"
    },
    {
      "makerOrderId": "6741e25edf6f6e0007c23a43",
      "price": "98492.8",
      "sequence": "11568057003819015",
      "side": "sell",
      "size": "0.00686096",
      "symbol": "BTC-USDT",
      "takerOrderId": "6741e268f15b270007ef4cde",
      "time": "1732371048888000000",
      "tradeId": "11568057003819015",
      "type": "match",
      "time_received": "14:10:48.9484"
    },
    {
      "makerOrderId": "6741e266d52cb800074c9510",
      "price": "98492.8",
      "sequence": "11568057003819018",
      "side": "sell",
      "size": "0.2385",
      "symbol": "BTC-USDT",
      "takerOrderId": "6741e268f15b270007ef4cde",
      "time": "1732371048888000000",
      "tradeId": "11568057003819018",
      "type": "match",
      "time_received": "14:10:48.9484"
    },
    {
      "makerOrderId": "6741e25bb7e21a0007b27c42",
      "price": "98492.1",
      "sequence": "11568057003819021",
      "side": "sell",
      "size": "0.00071533",
      "symbol": "BTC-USDT",
      "takerOrderId": "6741e268f15b270007ef4cde",
      "time": "1732371048888000000",
      "tradeId": "11568057003819021",
      "type": "match",
      "time_received": "14:10:48.9485"
    },
    {
      "makerOrderId": "6741e260c65bf7000781cd96",
      "price": "98490.9",
      "sequence": "11568057003819024",
      "side": "sell",
      "size": "0.03111444",
      "symbol": "BTC-USDT",
      "takerOrderId": "6741e268f15b270007ef4cde",
      "time": "1732371048888000000",
      "tradeId": "11568057003819024",
      "type": "match",
      "time_received": "14:10:48.9486"
    },
    {
      "makerOrderId": "6741e260d52cb800074c6fda",
      "price": "98490.8",
      "sequence": "11568057003819027",
      "side": "sell",
      "size": "0.10371481",
      "symbol": "BTC-USDT",
      "takerOrderId": "6741e268f15b270007ef4cde",
      "time": "1732371048888000000",
      "tradeId": "11568057003819027",
      "type": "match",
      "time_received": "14:10:48.9486"
    },
    {
      "makerOrderId": "6741e2604fe746000749257e",
      "price": "98488.9",
      "sequence": "11568057003819030",
      "side": "sell",
      "size": "0.03111444",
      "symbol": "BTC-USDT",
      "takerOrderId": "6741e268f15b270007ef4cde",
      "time": "1732371048888000000",
      "tradeId": "11568057003819030",
      "type": "match",
      "time_received": "14:10:48.9487"
    },
    {
      "makerOrderId": "6741e263b7e21a0007b2bf37",
      "price": "98488.9",
      "sequence": "11568057003819033",
      "side": "sell",
      "size": "0.05564",
      "symbol": "BTC-USDT",
      "takerOrderId": "6741e268f15b270007ef4cde",
      "time": "1732371048888000000",
      "tradeId": "11568057003819033",
      "type": "match",
      "time_received": "14:10:48.9487"
    },
    {
      "makerOrderId": "6741e25ccf286a00078d7389",
      "price": "98488.8",
      "sequence": "11568057003819036",
      "side": "sell",
      "size": "0.10371481",
      "symbol": "BTC-USDT",
      "takerOrderId": "6741e268f15b270007ef4cde",
      "time": "1732371048888000000",
      "tradeId": "11568057003819036",
      "type": "match",
      "time_received": "14:10:48.9488"
    },
    {
      "makerOrderId": "6741e263ae93cc0007170c7e",
      "price": "98486.4",
      "sequence": "11568057003819039",
      "side": "sell",
      "size": "0.198431",
      "symbol": "BTC-USDT",
      "takerOrderId": "6741e268f15b270007ef4cde",
      "time": "1732371048888000000",
      "tradeId": "11568057003819039",
      "type": "match",
      "time_received": "14:10:48.9488"
    },
    {
      "makerOrderId": "6741e262f4a7c50007e8eb96",
      "price": "98484.9",
      "sequence": "11568057003819042",
      "side": "sell",
      "size": "0.18916407",
      "symbol": "BTC-USDT",
      "takerOrderId": "6741e268f15b270007ef4cde",
      "time": "1732371048888000000",
      "tradeId": "11568057003819042",
      "type": "match",
      "time_received": "14:10:48.9488"
    },
    {
      "makerOrderId": "6741e25ddf6f6e0007c22e38",
      "price": "98484.8",
      "sequence": "11568057003819045",
      "side": "sell",
      "size": "0.10371481",
      "symbol": "BTC-USDT",
      "takerOrderId": "6741e268f15b270007ef4cde",
      "time": "1732371048888000000",
      "tradeId": "11568057003819045",
      "type": "match",
      "time_received": "14:10:48.9489"
    },
    {
      "makerOrderId": "6741e25ecf286a00078d80ba",
      "price": "98484.2",
      "sequence": "11568057003819048",
      "side": "sell",
      "size": "0.101494",
      "symbol": "BTC-USDT",
      "takerOrderId": "6741e268f15b270007ef4cde",
      "time": "1732371048888000000",
      "tradeId": "11568057003819048",
      "type": "match",
      "time_received": "14:10:48.9489"
    },
    {
      "makerOrderId": "6741e25cae93cc000716da89",
      "price": "98482.3",
      "sequence": "11568057003819051",
      "side": "sell",
      "size": "0.17233077",
      "symbol": "BTC-USDT",
      "takerOrderId": "6741e268f15b270007ef4cde",
      "time": "1732371048888000000",
      "tradeId": "11568057003819051",
      "type": "match",
      "time_received": "14:10:48.9489"
    },
    {
      "makerOrderId": "6741e26568486d0007d83294",
      "price": "98481.9",
      "sequence": "11568057003819054",
      "side": "sell",
      "size": "0.050747",
      "symbol": "BTC-USDT",
      "takerOrderId": "6741e268f15b270007ef4cde",
      "time": "1732371048888000000",
      "tradeId": "11568057003819054",
      "type": "match",
      "time_received": "14:10:48.9490"
    },
    {
      "makerOrderId": "6741e265f1bf400007e2d108",
      "price": "98481.5",
      "sequence": "11568057003819057",
      "side": "sell",
      "size": "0.02028502",
      "symbol": "BTC-USDT",
      "takerOrderId": "6741e268f15b270007ef4cde",
      "time": "1732371048888000000",
      "tradeId": "11568057003819057",
      "type": "match",
      "time_received": "14:10:48.9490"
    },
    {
      "makerOrderId": "6741e145c3f354000749a43f",
      "price": "98481.3",
      "sequence": "11568057003819060",
      "side": "sell",
      "size": "0.00040616",
      "symbol": "BTC-USDT",
      "takerOrderId": "6741e268f15b270007ef4cde",
      "time": "1732371048888000000",
      "tradeId": "11568057003819060",
      "type": "match",
      "time_received": "14:10:48.9491"
    },
    {
      "makerOrderId": "6741e25d088f010007f6b90a",
      "price": "98480.8",
      "sequence": "11568057003819063",
      "side": "sell",
      "size": "0.10371481",
      "symbol": "BTC-USDT",
      "takerOrderId": "6741e268f15b270007ef4cde",
      "time": "1732371048888000000",
      "tradeId": "11568057003819063",
      "type": "match",
      "time_received": "14:10:48.9491"
    },
    {
      "makerOrderId": "6741e25ef1bf400007e29b06",
      "price": "98479.9",
      "sequence": "11568057003819066",
      "side": "sell",
      "size": "0.02",
      "symbol": "BTC-USDT",
      "takerOrderId": "6741e268f15b270007ef4cde",
      "time": "1732371048888000000",
      "tradeId": "11568057003819066",
      "type": "match",
      "time_received": "14:10:48.9492"
    },
    {
      "makerOrderId": "6741e25df1bf400007e292b3",
      "price": "98479.4",
      "sequence": "11568057003819069",
      "side": "sell",
      "size": "0.11330424",
      "symbol": "BTC-USDT",
      "takerOrderId": "6741e268f15b270007ef4cde",
      "time": "1732371048888000000",
      "tradeId": "11568057003819069",
      "type": "match",
      "time_received": "14:10:48.9492"
    },
    {
      "makerOrderId": "6741e25aae93cc000716c0d3",
      "price": "98478",
      "sequence": "11568057003819072",
      "side": "sell",
      "size": "0.101494",
      "symbol": "BTC-USDT",
      "takerOrderId": "6741e268f15b270007ef4cde",
      "time": "1732371048888000000",
      "tradeId": "11568057003819072",
      "type": "match",
      "time_received": "14:10:49.0085"
    },
    {
      "makerOrderId": "6741e25a68486d0007d7dc51",
      "price": "98475.4",
      "sequence": "11568057003819075",
      "side": "sell",
      "size": "0.05264929",
      "symbol": "BTC-USDT",
      "takerOrderId": "6741e268f15b270007ef4cde",
      "time": "1732371048888000000",
      "tradeId": "11568057003819075",
      "type": "match",
      "time_received": "14:10:49.0086"
    },
    {
      "makerOrderId": "6741e25d68486d0007d7f6a7",
      "price": "98475.4",
      "sequence": "11568057003819078",
      "side": "sell",
      "size": "0.2385",
      "symbol": "BTC-USDT",
      "takerOrderId": "6741e268f15b270007ef4cde",
      "time": "1732371048888000000",
      "tradeId": "11568057003819078",
      "type": "match",
      "time_received": "14:10:49.0086"
    },
    {
      "makerOrderId": "6741e25a088f010007f696a5",
      "price": "98475",
      "sequence": "11568057003819081",
      "side": "sell",
      "size": "0.04218608",
      "symbol": "BTC-USDT",
      "takerOrderId": "6741e268f15b270007ef4cde",
      "time": "1732371048888000000",
      "tradeId": "11568057003819081",
      "type": "match",
      "time_received": "14:10:49.0087"
    },
    {
      "makerOrderId": "6741e25a6967d30007520012",
      "price": "98475",
      "sequence": "11568057003819084",
      "side": "sell",
      "size": "0.08273842",
      "symbol": "BTC-USDT",
      "takerOrderId": "6741e268f15b270007ef4cde",
      "time": "1732371048888000000",
      "tradeId": "11568057003819084",
      "type": "match",
      "time_received": "14:10:49.0087"
    },
    {
      "makerOrderId": "6741e25a088f010007f696b1",
      "price": "98474.9",
      "sequence": "11568057003819087",
      "side": "sell",
      "size": "0.12768306",
      "symbol": "BTC-USDT",
      "takerOrderId": "6741e268f15b270007ef4cde",
      "time": "1732371048888000000",
      "tradeId": "11568057003819087",
      "type": "match",
      "time_received": "14:10:49.0087"
    },
    {
      "makerOrderId": "6741e25a31d0950007796aae",
      "price": "98474",
      "sequence": "11568057003819090",
      "side": "sell",
      "size": "0.304304",
      "symbol": "BTC-USDT",
      "takerOrderId": "6741e268f15b270007ef4cde",
      "time": "1732371048888000000",
      "tradeId": "11568057003819090",
      "type": "match",
      "time_received": "14:10:49.0088"
    },
    {
      "makerOrderId": "6741e25d1586c10007ecdd66",
      "price": "98473.5",
      "sequence": "11568057003819093",
      "side": "sell",
      "size": "0.00366897",
      "symbol": "BTC-USDT",
      "takerOrderId": "6741e268f15b270007ef4cde",
      "time": "1732371048888000000",
      "tradeId": "11568057003819093",
      "type": "match",
      "time_received": "14:10:49.0088"
    },
    {
      "makerOrderId": "6741e25d0d855300076db7f8",
      "price": "98470.1",
      "sequence": "11568057003819096",
      "side": "sell",
      "size": "0.00286",
      "symbol": "BTC-USDT",
      "takerOrderId": "6741e268f15b270007ef4cde",
      "time": "1732371048888000000",
      "tradeId": "11568057003819096",
      "type": "match",
      "time_received": "14:10:49.0088"
    },
    {
      "makerOrderId": "6741e25ef15b270007ef0464",
      "price": "98469.5",
      "sequence": "11568057003819099",
      "side": "sell",
      "size": "0.01579479",
      "symbol": "BTC-USDT",
      "takerOrderId": "6741e268f15b270007ef4cde",
      "time": "1732371048888000000",
      "tradeId": "11568057003819099",
      "type": "match",
      "time_received": "14:10:49.0089"
    },
    {
      "makerOrderId": "6741e12a4fe746000740aa40",
      "price": "98468.8",
      "sequence": "11568057003819102",
      "side": "sell",
      "size": "0.05264929",
      "symbol": "BTC-USDT",
      "takerOrderId": "6741e268f15b270007ef4cde",
      "time": "1732371048888000000",
      "tradeId": "11568057003819102",
      "type": "match",
      "time_received": "14:10:49.0089"
    },
    {
      "makerOrderId": "6741e1b9c65bf700077d3e26",
      "price": "98463.1",
      "sequence": "11568057003819105",
      "side": "sell",
      "size": "0.08734479",
      "symbol": "BTC-USDT",
      "takerOrderId": "6741e268f15b270007ef4cde",
      "time": "1732371048888000000",
      "tradeId": "11568057003819105",
      "type": "match",
      "time_received": "14:10:49.0089"
    },
    {
      "makerOrderId": "6741e0f51586c10007e31739",
      "price": "98463",
      "sequence": "11568057003819108",
      "side": "sell",
      "size": "0.23652128",
      "symbol": "BTC-USDT",
      "takerOrderId": "6741e268f15b270007ef4cde",
      "time": "1732371048888000000",
      "tradeId": "11568057003819108",
      "type": "match",
      "time_received": "14:10:49.0090"
    },
    {
      "makerOrderId": "6741e26868486d0007d849aa",
      "price": "98480.6",
      "sequence": "11568057105268737",
      "side": "buy",
      "size": "0.00002437",
      "symbol": "BTC-USDT",
      "takerOrderId": "6741e2690d855300076e03fd",
      "time": "1732371049095000000",
      "tradeId": "11568057105268737",
      "type": "match",
      "time_received": "14:10:49.1380"
    },
    {
      "makerOrderId": "6741e268f4f1200007078d22",
      "price": "98480.5",
      "sequence": "11568057242632193",
      "side": "sell",
      "size": "0.00258595",
      "symbol": "BTC-USDT",
      "takerOrderId": "6741e26968486d0007d84d6c",
      "time": "1732371049565000000",
      "tradeId": "11568057242632193",
      "type": "match",
      "time_received": "14:10:49.6126"
    },
    {
      "makerOrderId": "6741e268df6f6e0007c28107",
      "price": "98480.5",
      "sequence": "11568057762594817",
      "side": "sell",
      "size": "0.00002054",
      "symbol": "BTC-USDT",
      "takerOrderId": "6741e26bf4f1200007079e1c",
      "time": "1732371051788000000",
      "tradeId": "11568057762594817",
      "type": "match",
      "time_received": "14:10:51.8367"
    },
    {
      "makerOrderId": "6741e26868486d0007d849aa",
      "price": "98480.6",
      "sequence": "11568058496204801",
      "side": "buy",
      "size": "0.00101542",
      "symbol": "BTC-USDT",
      "takerOrderId": "6741e26d6967d30007528bc7",
      "time": "1732371053611000000",
      "tradeId": "11568058496204801",
      "type": "match",
      "time_received": "14:10:53.6580"
    },
    {
      "makerOrderId": "6741e268df6f6e0007c28107",
      "price": "98480.5",
      "sequence": "11568058601455617",
      "side": "sell",
      "size": "0.00015299",
      "symbol": "BTC-USDT",
      "takerOrderId": "6741e26eae93cc0007175109",
      "time": "1732371054005000000",
      "tradeId": "11568058601455617",
      "type": "match",
      "time_received": "14:10:54.0510"
    },
    {
      "makerOrderId": "6741e268d52cb800074ca5ba",
      "price": "98480.6",
      "sequence": "11568059203993601",
      "side": "buy",
      "size": "0.00008301",
      "symbol": "BTC-USDT",
      "takerOrderId": "6741e270c65bf700078237fd",
      "time": "1732371056402000000",
      "tradeId": "11568059203993601",
      "type": "match",
      "time_received": "14:10:56.4533"
    },
    {
      "makerOrderId": "6741e268d52cb800074ca5ba",
      "price": "98480.6",
      "sequence": "11568059316060161",
      "side": "buy",
      "size": "0.00009246",
      "symbol": "BTC-USDT",
      "takerOrderId": "6741e270f15b270007ef840d",
      "time": "1732371056867000000",
      "tradeId": "11568059316060161",
      "type": "match",
      "time_received": "14:10:56.9167"
    },
    {
      "makerOrderId": "6741e268df6f6e0007c28107",
      "price": "98480.5",
      "sequence": "11568059366653953",
      "side": "sell",
      "size": "0.00101542",
      "symbol": "BTC-USDT",
      "takerOrderId": "6741e27167cdc900079a9848",
      "time": "1732371057029000000",
      "tradeId": "11568059366653953",
      "type": "match",
      "time_received": "14:10:57.0789"
    },
    {
      "makerOrderId": "6741e268d52cb800074ca5ba",
      "price": "98480.6",
      "sequence": "11568059519090689",
      "side": "buy",
      "size": "0.03068848",
      "symbol": "BTC-USDT",
      "takerOrderId": "6741e27137061e000793334e",
      "time": "1732371057634000000",
      "tradeId": "11568059519090689",
      "type": "match",
      "time_received": "14:10:57.6844"
    },
    {
      "makerOrderId": "6741e26831d095000779d5df",
      "price": "98480.6",
      "sequence": "11568059519090692",
      "side": "buy",
      "size": "0.0015393",
      "symbol": "BTC-USDT",
      "takerOrderId": "6741e27137061e000793334e",
      "time": "1732371057634000000",
      "tradeId": "11568059519090692",
      "type": "match",
      "time_received": "14:10:57.6845"
    },
    {
      "makerOrderId": "6741e26837061e000792f7fc",
      "price": "98480.6",
      "sequence": "11568059519090695",
      "side": "buy",
      "size": "0.00202109",
      "symbol": "BTC-USDT",
      "takerOrderId": "6741e27137061e000793334e",
      "time": "1732371057634000000",
      "tradeId": "11568059519090695",
      "type": "match",
      "time_received": "14:10:57.6845"
    },
    {
      "makerOrderId": "6741e26867cdc900079a611a",
      "price": "98480.6",
      "sequence": "11568059519090698",
      "side": "buy",
      "size": "0.00102586",
      "symbol": "BTC-USDT",
      "takerOrderId": "6741e27137061e000793334e",
      "time": "1732371057634000000",
      "tradeId": "11568059519090698",
      "type": "match",
      "time_received": "14:10:57.6846"
    },
    {
      "makerOrderId": "6741e26ad52cb800074cad6f",
      "price": "98480.6",
      "sequence": "11568059519090701",
      "side": "buy",
      "size": "0.03242174",
      "symbol": "BTC-USDT",
      "takerOrderId": "6741e27137061e000793334e",
      "time": "1732371057634000000",
      "tradeId": "11568059519090701",
      "type": "match",
      "time_received": "14:10:57.6846"
    },
    {
      "makerOrderId": "6741e26ad52cb800074cad6f",
      "price": "98480.6",
      "sequence": "11568059521974273",
      "side": "buy",
      "size": "0.00139202",
      "symbol": "BTC-USDT",
      "takerOrderId": "6741e27131d09500077a1174",
      "time": "1732371057638000000",
      "tradeId": "11568059521974273",
      "type": "match",
      "time_received": "14:10:57.6846"
    },
    {
      "makerOrderId": "6741e270ae93cc00071761ad",
      "price": "98480.6",
      "sequence": "11568059521974276",
      "side": "buy",
      "size": "0.00115554",
      "symbol": "BTC-USDT",
      "takerOrderId": "6741e27131d09500077a1174",
      "time": "1732371057638000000",
      "tradeId": "11568059521974276",
      "type": "match",
      "time_received": "14:10:57.6846"
    },
    {
      "makerOrderId": "6741e269b7e21a0007b2e16f",
      "price": "98480.7",
      "sequence": "11568059528265729",
      "side": "buy",
      "size": "0.00050746",
      "symbol": "BTC-USDT",
      "takerOrderId": "6741e2711586c10007ed648f",
      "time": "1732371057646000000",
      "tradeId": "11568059528265729",
      "type": "match",
      "time_received": "14:10:57.6957"
    },
    {
      "makerOrderId": "6741e269b7e21a0007b2e16f",
      "price": "98480.7",
      "sequence": "11568059528396801",
      "side": "buy",
      "size": "0.0005184",
      "symbol": "BTC-USDT",
      "takerOrderId": "6741e271088f010007f7403b",
      "time": "1732371057646000000",
      "tradeId": "11568059528396801",
      "type": "match",
      "time_received": "14:10:57.6957"
    },
    {
      "makerOrderId": "6741e269b7e21a0007b2e1e5",
      "price": "98480.8",
      "sequence": "11568059528396804",
      "side": "buy",
      "size": "0.00102586",
      "symbol": "BTC-USDT",
      "takerOrderId": "6741e271088f010007f7403b",
      "time": "1732371057646000000",
      "tradeId": "11568059528396804",
      "type": "match",
      "time_received": "14:10:57.6958"
    },
    {
      "makerOrderId": "6741e26af15b270007ef5540",
      "price": "98490.3",
      "sequence": "11568059528396807",
      "side": "buy",
      "size": "0.00010153",
      "symbol": "BTC-USDT",
      "takerOrderId": "6741e271088f010007f7403b",
      "time": "1732371057646000000",
      "tradeId": "11568059528396807",
      "type": "match",
      "time_received": "14:10:57.6958"
    },
    {
      "makerOrderId": "6741e26cae93cc000717457a",
      "price": "98490.4",
      "sequence": "11568059528396810",
      "side": "buy",
      "size": "0.00001679",
      "symbol": "BTC-USDT",
      "takerOrderId": "6741e271088f010007f7403b",
      "time": "1732371057646000000",
      "tradeId": "11568059528396810",
      "type": "match",
      "time_received": "14:10:57.6958"
    },
    {
      "makerOrderId": "6741e2691586c10007ed2978",
      "price": "98492.1",
      "sequence": "11568059954380801",
      "side": "buy",
      "size": "0.00008303",
      "symbol": "BTC-USDT",
      "takerOrderId": "6741e273cf286a00078e0ea4",
      "time": "1732371059264000000",
      "tradeId": "11568059954380801",
      "type": "match",
      "time_received": "14:10:59.3149"
    },
    {
      "makerOrderId": "6741e2691586c10007ed2978",
      "price": "98492.1",
      "sequence": "11568060298969089",
      "side": "buy",
      "size": "0.00014314",
      "symbol": "BTC-USDT",
      "takerOrderId": "6741e274f4a7c50007e96088",
      "time": "1732371060607000000",
      "tradeId": "11568060298969089",
      "type": "match",
      "time_received": "14:11:00.6573"
    },
    {
      "makerOrderId": "6741e271088f010007f74066",
      "price": "98492",
      "sequence": "11568060343926785",
      "side": "sell",
      "size": "0.00047783",
      "symbol": "BTC-USDT",
      "takerOrderId": "6741e274ae93cc0007177e31",
      "time": "1732371060815000000",
      "tradeId": "11568060343926785",
      "type": "match",
      "time_received": "14:11:00.8712"
    },
    {
      "makerOrderId": "6741e2691586c10007ed2978",
      "price": "98492.1",
      "sequence": "11568060395569153",
      "side": "buy",
      "size": "0.00002436",
      "symbol": "BTC-USDT",
      "takerOrderId": "6741e275f4f120000707dfcd",
      "time": "1732371061061000000",
      "tradeId": "11568060395569153",
      "type": "match",
      "time_received": "14:11:01.1042"
    },
    {
      "makerOrderId": "6741e2691586c10007ed2978",
      "price": "98492.1",
      "sequence": "11568060819849217",
      "side": "buy",
      "size": "0.00070451",
      "symbol": "BTC-USDT",
      "takerOrderId": "6741e276ae93cc0007178a63",
      "time": "1732371062793000000",
      "tradeId": "11568060819849217",
      "type": "match",
      "time_received": "14:11:02.8389"
    },
    {
      "makerOrderId": "6741e2691586c10007ed2978",
      "price": "98492.1",
      "sequence": "11568060821684225",
      "side": "buy",
      "size": "0.00046383",
      "symbol": "BTC-USDT",
      "takerOrderId": "6741e276cf286a00078e2526",
      "time": "1732371062796000000",
      "tradeId": "11568060821684225",
      "type": "match",
      "time_received": "14:11:02.8446"
    },
    {
      "makerOrderId": "6741e271b7e21a0007b31caa",
      "price": "98492.1",
      "sequence": "11568060821684228",
      "side": "buy",
      "size": "0.00082412",
      "symbol": "BTC-USDT",
      "takerOrderId": "6741e276cf286a00078e2526",
      "time": "1732371062796000000",
      "tradeId": "11568060821684228",
      "type": "match",
      "time_received": "14:11:02.8447"
    },
    {
      "makerOrderId": "6741e271b7e21a0007b31caa",
      "price": "98492.1",
      "sequence": "11568061522132993",
      "side": "buy",
      "size": "0.00119697",
      "symbol": "BTC-USDT",
      "takerOrderId": "6741e278f15b270007efba30",
      "time": "1732371064795000000",
      "tradeId": "11568061522132993",
      "type": "match",
      "time_received": "14:11:04.8467"
    },
    {
      "makerOrderId": "6741e2714fe74600074992f2",
      "price": "98492.1",
      "sequence": "11568061522132996",
      "side": "buy",
      "size": "0.00067303",
      "symbol": "BTC-USDT",
      "takerOrderId": "6741e278f15b270007efba30",
      "time": "1732371064795000000",
      "tradeId": "11568061522132996",
      "type": "match",
      "time_received": "14:11:04.8468"
    },
    {
      "makerOrderId": "6741e2710d855300076e3f45",
      "price": "98492.1",
      "sequence": "11568061522132999",
      "side": "buy",
      "size": "0.0087123",
      "symbol": "BTC-USDT",
      "takerOrderId": "6741e278f15b270007efba30",
      "time": "1732371064795000000",
      "tradeId": "11568061522132999",
      "type": "match",
      "time_received": "14:11:04.8468"
    },
    {
      "makerOrderId": "6741e271088f010007f74066",
      "price": "98492",
      "sequence": "11568061596450817",
      "side": "sell",
      "size": "0.00054596",
      "symbol": "BTC-USDT",
      "takerOrderId": "6741e278df6f6e0007c2eeda",
      "time": "1732371064928000000",
      "tradeId": "11568061596450817",
      "type": "match",
      "time_received": "14:11:04.9840"
    },
    {
      "makerOrderId": "6741e2710d855300076e3f45",
      "price": "98492.1",
      "sequence": "11568061693181953",
      "side": "buy",
      "size": "0.00016304",
      "symbol": "BTC-USDT",
      "takerOrderId": "6741e279ae93cc0007179dd9",
      "time": "1732371065056000000",
      "tradeId": "11568061693181953",
      "type": "match",
      "time_received": "14:11:05.1060"
    },
    {
      "makerOrderId": "6741e2710d855300076e3f45",
      "price": "98492.1",
      "sequence": "11568062162157569",
      "side": "buy",
      "size": "0.00002028",
      "symbol": "BTC-USDT",
      "takerOrderId": "6741e27ac65bf70007827ede",
      "time": "1732371066266000000",
      "tradeId": "11568062162157569",
      "type": "match",
      "time_received": "14:11:06.3149"
    }
  ]
}