[
  {
    "id": "1732269570720",
    "type": "pong",
    "timestamp": 1732269570756499
  },
  {
    "id": "1732269590721",
    "type": "pong",
    "timestamp": 1732269590757425
  },
  {
    "topic": "/market/match:MIGGLES-USDT",
    "type": "message",
    "subject": "trade.l3match",
    "data": {
      "price": "0.1",
      "sequence": "5581910645159937",
      "side": "sell",
      "size": "1",
      "symbol": "MIGGLES-USDT",
      "time": "1732269600000000000",
      "tradeId": "5581910645159937",
      "type": "match",
      "time_before_que.put": "10:00:00.144",
      "seconds_from_release": 0.144425,
      "time_after_queue.get": "10:00:00.144"
    }
  },
  {
    "topic": "/market/match:MIGGLES-USDT",
    "type": "message",
    "subject": "trade.l3match",
    "data": {
      "makerOrderId": "67405623ae93cc00078bf139",
      "price": "0.1652",
      "sequence": "5581912998164481",
      "side": "sell",
      "size": "15.09",
      "symbol": "MIGGLES-USDT",
      "takerOrderId": "674056264fe7460007be65fd",
      "time": "1732269606818000000",
      "tradeId": "5581912998164481",
      "type": "match",
      "time_before_que.put": "10:00:06.871",
      "seconds_from_release": 6.871611,
      "time_after_queue.get": "10:00:06.872"
    }
  },
  {
    "topic": "/market/match:MIGGLES-USDT",
    "type": "message",
    "subject": "trade.l3match",
    "data": {
      "makerOrderId": "6740562068486d00074ce58e",
      "price": "0.165",
      "sequence": "5581912998164484",
      "side": "sell",
      "size": "151",
      "symbol": "MIGGLES-USDT",
      "takerOrderId": "674056264fe7460007be65fd",
      "time": "1732269606818000000",
      "tradeId": "5581912998164484",
      "type": "match",
      "time_before_que.put": "10:00:06.872",
      "seconds_from_release": 6.872581,
      "time_after_queue.get": "10:00:06.872"
    }
  },
  {
    "topic": "/market/match:MIGGLES-USDT",
    "type": "message",
    "subject": "trade.l3match",
    "data": {
      "makerOrderId": "674056266967d30007c742a1",
      "price": "0.1632",
      "sequence": "5581912998164487",
      "side": "sell",
      "size": "294.12",
      "symbol": "MIGGLES-USDT",
      "takerOrderId": "674056264fe7460007be65fd",
      "time": "1732269606818000000",
      "tradeId": "5581912998164487",
      "type": "match",
      "time_before_que.put": "10:00:06.872",
      "seconds_from_release": 6.872807,
      "time_after_queue.get": "10:00:06.872"
    }
  },
  {
    "topic": "/market/match:MIGGLES-USDT",
    "type": "message",
    "subject": "trade.l3match",
    "data": {
      "makerOrderId": "67405620c65bf70007f6d60e",
      "price": "0.1605",
      "sequence": "5581912998164490",
      "side": "sell",
      "size": "630",
      "symbol": "MIGGLES-USDT",
      "takerOrderId": "674056264fe7460007be65fd",
      "time": "1732269606818000000",
      "tradeId": "5581912998164490",
      "type": "match",
      "time_before_que.put": "10:00:06.873",
      "seconds_from_release": 6.87301,
      "time_after_queue.get": "10:00:06.873"
    }
  },
  {
    "topic": "/market/match:MIGGLES-USDT",
    "type": "message",
    "subject": "trade.l3match",
    "data": {
      "makerOrderId": "67405620f1bf400007579527",
      "price": "0.16",
      "sequence": "5581912998164493",
      "side": "sell",
      "size": "500",
      "symbol": "MIGGLES-USDT",
      "takerOrderId": "674056264fe7460007be65fd",
      "time": "1732269606818000000",
      "tradeId": "5581912998164493",
      "type": "match",
      "time_before_que.put": "10:00:06.873",
      "seconds_from_release": 6.873102,
      "time_after_queue.get": "10:00:06.873"
    }
  },
  {
    "topic": "/market/match:MIGGLES-USDT",
    "type": "message",
    "subject": "trade.l3match",
    "data": {
      "makerOrderId": "674056204fe7460007be3e36",
      "price": "0.16",
      "sequence": "5581912998164496",
      "side": "sell",
      "size": "120",
      "symbol": "MIGGLES-USDT",
      "takerOrderId": "674056264fe7460007be65fd",
      "time": "1732269606818000000",
      "tradeId": "5581912998164496",
      "type": "match",
      "time_before_que.put": "10:00:06.873",
      "seconds_from_release": 6.873189,
      "time_after_queue.get": "10:00:06.873"
    }
  },
  {
    "topic": "/market/match:MIGGLES-USDT",
    "type": "message",
    "subject": "trade.l3match",
    "data": {
      "makerOrderId": "674056264fe7460007be65fd",
      "price": "0.16",
      "sequence": "5581913050986497",
      "side": "buy",
      "size": "11",
      "symbol": "MIGGLES-USDT",
      "takerOrderId": "67405626c65bf70007f6fe3e",
      "time": "1732269606950000000",
      "tradeId": "5581913050986497",
      "type": "match",
      "time_before_que.put": "10:00:06.998",
      "seconds_from_release": 6.998185,
      "time_after_queue.get": "10:00:06.998"
    }
  },
  {
    "topic": "/market/match:MIGGLES-USDT",
    "type": "message",
    "subject": "trade.l3match",
    "data": {
      "makerOrderId": "674056264fe7460007be65fd",
      "price": "0.16",
      "sequence": "5581913054132225",
      "side": "buy",
      "size": "11",
      "symbol": "MIGGLES-USDT",
      "takerOrderId": "674056260d85530007e294f4",
      "time": "1732269606960000000",
      "tradeId": "5581913054132225",
      "type": "match",
      "time_before_que.put": "10:00:07.010",
      "seconds_from_release": 7.010285,
      "time_after_queue.get": "10:00:07.010"
    }
  },
  {
    "id": "1732269610722",
    "type": "pong",
    "timestamp": 1732269610758267
  },
  {
    "topic": "/market/match:MIGGLES-USDT",
    "type": "message",
    "subject": "trade.l3match",
    "data": {
      "makerOrderId": "6740562e68486d00074d3d74",
      "price": "0.16",
      "sequence": "5581917120247809",
      "side": "sell",
      "size": "3660.4",
      "symbol": "MIGGLES-USDT",
      "takerOrderId": "67405632f15b270007649dd2",
      "time": "1732269618605000000",
      "tradeId": "5581917120247809",
      "type": "match",
      "time_before_que.put": "10:00:18.656",
      "seconds_from_release": 18.656365,
      "time_after_queue.get": "10:00:18.656"
    }
  },
  {
    "topic": "/market/match:MIGGLES-USDT",
    "type": "message",
    "subject": "trade.l3match",
    "data": {
      "makerOrderId": "67405630c5ba7400074c105c",
      "price": "0.16",
      "sequence": "5581917120247812",
      "side": "sell",
      "size": "462.95",
      "symbol": "MIGGLES-USDT",
      "takerOrderId": "67405632f15b270007649dd2",
      "time": "1732269618605000000",
      "tradeId": "5581917120247812",
      "type": "match",
      "time_before_que.put": "10:00:18.656",
      "seconds_from_release": 18.656692,
      "time_after_queue.get": "10:00:18.656"
    }
  },
  {
    "topic": "/market/match:MIGGLES-USDT",
    "type": "message",
    "subject": "trade.l3match",
    "data": {
      "makerOrderId": "67405632cf286a0007030b12",
      "price": "0.16",
      "sequence": "5581917120247815",
      "side": "sell",
      "size": "109.25",
      "symbol": "MIGGLES-USDT",
      "takerOrderId": "67405632f15b270007649dd2",
      "time": "1732269618605000000",
      "tradeId": "5581917120247815",
      "type": "match",
      "time_before_que.put": "10:00:18.656",
      "seconds_from_release": 18.65696,
      "time_after_queue.get": "10:00:18.657"
    }
  },
  {
    "topic": "/market/match:MIGGLES-USDT",
    "type": "message",
    "subject": "trade.l3match",
    "data": {
      "makerOrderId": "67405632f15b270007649dd2",
      "price": "0.16",
      "sequence": "5581917133355009",
      "side": "buy",
      "size": "62.07",
      "symbol": "MIGGLES-USDT",
      "takerOrderId": "674056324fe7460007beb068",
      "time": "1732269618641000000",
      "tradeId": "5581917133355009",
      "type": "match",
      "time_before_que.put": "10:00:18.692",
      "seconds_from_release": 18.692558,
      "time_after_queue.get": "10:00:18.693"
    }
  },
  {
    "topic": "/market/match:MIGGLES-USDT",
    "type": "message",
    "subject": "trade.l3match",
    "data": {
      "makerOrderId": "67405632f15b270007649dd2",
      "price": "0.16",
      "sequence": "5581917141874689",
      "side": "buy",
      "size": "108.89",
      "symbol": "MIGGLES-USDT",
      "takerOrderId": "67405632f1bf400007580730",
      "time": "1732269618673000000",
      "tradeId": "5581917141874689",
      "type": "match",
      "time_before_que.put": "10:00:18.720",
      "seconds_from_release": 18.720503,
      "time_after_queue.get": "10:00:18.720"
    }
  },
  {
    "topic": "/market/match:MIGGLES-USDT",
    "type": "message",
    "subject": "trade.l3match",
    "data": {
      "makerOrderId": "67405632f15b270007649dd2",
      "price": "0.16",
      "sequence": "5581917142005761",
      "side": "buy",
      "size": "108.01",
      "symbol": "MIGGLES-USDT",
      "takerOrderId": "67405632d52cb80007c196fb",
      "time": "1732269618673000000",
      "tradeId": "5581917142005761",
      "type": "match",
      "time_before_que.put": "10:00:18.720",
      "seconds_from_release": 18.720653,
      "time_after_queue.get": "10:00:18.720"
    }
  },
  {
    "topic": "/market/match:MIGGLES-USDT",
    "type": "message",
    "subject": "trade.l3match",
    "data": {
      "makerOrderId": "67405632f15b270007649dd2",
      "price": "0.16",
      "sequence": "5581917143185409",
      "side": "buy",
      "size": "46.75",
      "symbol": "MIGGLES-USDT",
      "takerOrderId": "674056324fe7460007beb096",
      "time": "1732269618680000000",
      "tradeId": "5581917143185409",
      "type": "match",
      "time_before_que.put": "10:00:18.730",
      "seconds_from_release": 18.730845,
      "time_after_queue.get": "10:00:18.731"
    }
  },
  {
    "topic": "/market/match:MIGGLES-USDT",
    "type": "message",
    "subject": "trade.l3match",
    "data": {
      "makerOrderId": "67405632f15b270007649dd2",
      "price": "0.16",
      "sequence": "5581917143971841",
      "side": "buy",
      "size": "108.89",
      "symbol": "MIGGLES-USDT",
      "takerOrderId": "67405632f1bf40000758073e",
      "time": "1732269618681000000",
      "tradeId": "5581917143971841",
      "type": "match",
      "time_before_que.put": "10:00:18.731",
      "seconds_from_release": 18.731358,
      "time_after_queue.get": "10:00:18.731"
    }
  },
  {
    "topic": "/market/match:MIGGLES-USDT",
    "type": "message",
    "subject": "trade.l3match",
    "data": {
      "makerOrderId": "67405632f15b270007649dd2",
      "price": "0.16",
      "sequence": "5581917145675777",
      "side": "buy",
      "size": "16.8",
      "symbol": "MIGGLES-USDT",
      "takerOrderId": "67405632c65bf70007f7475e",
      "time": "1732269618686000000",
      "tradeId": "5581917145675777",
      "type": "match",
      "time_before_que.put": "10:00:18.737",
      "seconds_from_release": 18.737435,
      "time_after_queue.get": "10:00:18.737"
    }
  },
  {
    "topic": "/market/match:MIGGLES-USDT",
    "type": "message",
    "subject": "trade.l3match",
    "data": {
      "makerOrderId": "67405632f15b270007649dd2",
      "price": "0.16",
      "sequence": "5581917147510785",
      "side": "buy",
      "size": "46.51",
      "symbol": "MIGGLES-USDT",
      "takerOrderId": "6740563237061e00070830fd",
      "time": "1732269618697000000",
      "tradeId": "5581917147510785",
      "type": "match",
      "time_before_que.put": "10:00:18.745",
      "seconds_from_release": 18.745382,
      "time_after_queue.get": "10:00:18.745"
    }
  },
  {
    "topic": "/market/match:MIGGLES-USDT",
    "type": "message",
    "subject": "trade.l3match",
    "data": {
      "makerOrderId": "67405632f15b270007649dd2",
      "price": "0.16",
      "sequence": "5581917148428289",
      "side": "buy",
      "size": "208.33",
      "symbol": "MIGGLES-USDT",
      "takerOrderId": "67405632cf286a0007030bf9",
      "time": "1732269618700000000",
      "tradeId": "5581917148428289",
      "type": "match",
      "time_before_que.put": "10:00:18.745",
      "seconds_from_release": 18.745597,
      "time_after_queue.get": "10:00:18.745"
    }
  },
  {
    "topic": "/market/match:MIGGLES-USDT",
    "type": "message",
    "subject": "trade.l3match",
    "data": {
      "makerOrderId": "67405632f15b270007649dd2",
      "price": "0.16",
      "sequence": "5581917148559361",
      "side": "buy",
      "size": "169.19",
      "symbol": "MIGGLES-USDT",
      "takerOrderId": "674056320d85530007e2de13",
      "time": "1732269618700000000",
      "tradeId": "5581917148559361",
      "type": "match",
      "time_before_que.put": "10:00:18.745",
      "seconds_from_release": 18.745695,
      "time_after_queue.get": "10:00:18.745"
    }
  },
  {
    "topic": "/market/match:MIGGLES-USDT",
    "type": "message",
    "subject": "trade.l3match",
    "data": {
      "makerOrderId": "67405632f15b270007649dd2",
      "price": "0.16",
      "sequence": "5581917148690433",
      "side": "buy",
      "size": "165.54",
      "symbol": "MIGGLES-USDT",
      "takerOrderId": "67405632f4a7c500075e46bd",
      "time": "1732269618700000000",
      "tradeId": "5581917148690433",
      "type": "match",
      "time_before_que.put": "10:00:18.745",
      "seconds_from_release": 18.745787,
      "time_after_queue.get": "10:00:18.745"
    }
  },
  {
    "topic": "/market/match:MIGGLES-USDT",
    "type": "message",
    "subject": "trade.l3match",
    "data": {
      "makerOrderId": "67405632f15b270007649dd2",
      "price": "0.16",
      "sequence": "5581917150001153",
      "side": "buy",
      "size": "41.38",
      "symbol": "MIGGLES-USDT",
      "takerOrderId": "6740563268486d00074d5882",
      "time": "1732269618708000000",
      "tradeId": "5581917150001153",
      "type": "match",
      "time_before_que.put": "10:00:18.757",
      "seconds_from_release": 18.757014,
      "time_after_queue.get": "10:00:18.757"
    }
  },
  {
    "topic": "/market/match:MIGGLES-USDT",
    "type": "message",
    "subject": "trade.l3match",
    "data": {
      "makerOrderId": "67405632f15b270007649dd2",
      "price": "0.16",
      "sequence": "5581917150132225",
      "side": "buy",
      "size": "290.38",
      "symbol": "MIGGLES-USDT",
      "takerOrderId": "67405632df6f6e000737c880",
      "time": "1732269618708000000",
      "tradeId": "5581917150132225",
      "type": "match",
      "time_before_que.put": "10:00:18.757",
      "seconds_from_release": 18.757228,
      "time_after_queue.get": "10:00:18.757"
    }
  },
  {
    "topic": "/market/match:MIGGLES-USDT",
    "type": "message",
    "subject": "trade.l3match",
    "data": {
      "makerOrderId": "67405632f15b270007649dd2",
      "price": "0.16",
      "sequence": "5581917151049729",
      "side": "buy",
      "size": "208.33",
      "symbol": "MIGGLES-USDT",
      "takerOrderId": "674056321586c10007628038",
      "time": "1732269618711000000",
      "tradeId": "5581917151049729",
      "type": "match",
      "time_before_que.put": "10:00:18.762",
      "seconds_from_release": 18.762477,
      "time_after_queue.get": "10:00:18.762"
    }
  },
  {
    "topic": "/market/match:MIGGLES-USDT",
    "type": "message",
    "subject": "trade.l3match",
    "data": {
      "makerOrderId": "67405632f15b270007649dd2",
      "price": "0.16",
      "sequence": "5581917151180801",
      "side": "buy",
      "size": "208.33",
      "symbol": "MIGGLES-USDT",
      "takerOrderId": "6740563231d0950007ef137e",
      "time": "1732269618711000000",
      "tradeId": "5581917151180801",
      "type": "match",
      "time_before_que.put": "10:00:18.762",
      "seconds_from_release": 18.762761,
      "time_after_queue.get": "10:00:18.762"
    }
  },
  {
    "topic": "/market/match:MIGGLES-USDT",
    "type": "message",
    "subject": "trade.l3match",
    "data": {
      "makerOrderId": "67405632f15b270007649dd2",
      "price": "0.16",
      "sequence": "5581917151967233",
      "side": "buy",
      "size": "137.06",
      "symbol": "MIGGLES-USDT",
      "takerOrderId": "67405632c65bf70007f74771",
      "time": "1732269618713000000",
      "tradeId": "5581917151967233",
      "type": "match",
      "time_before_que.put": "10:00:18.787",
      "seconds_from_release": 18.787878,
      "time_after_queue.get": "10:00:18.788"
    }
  },
  {
    "topic": "/market/match:MIGGLES-USDT",
    "type": "message",
    "subject": "trade.l3match",
    "data": {
      "makerOrderId": "67405632f15b270007649dd2",
      "price": "0.16",
      "sequence": "5581917152229377",
      "side": "buy",
      "size": "150.65",
      "symbol": "MIGGLES-USDT",
      "takerOrderId": "67405632f4f12000077cbfcb",
      "time": "1732269618713000000",
      "tradeId": "5581917152229377",
      "type": "match",
      "time_before_que.put": "10:00:18.788",
      "seconds_from_release": 18.788195,
      "time_after_queue.get": "10:00:18.788"
    }
  },
  {
    "topic": "/market/match:MIGGLES-USDT",
    "type": "message",
    "subject": "trade.l3match",
    "data": {
      "makerOrderId": "67405632f15b270007649dd2",
      "price": "0.16",
      "sequence": "5581917154719745",
      "side": "buy",
      "size": "555.55",
      "symbol": "MIGGLES-USDT",
      "takerOrderId": "67405632ae93cc00078c4ee4",
      "time": "1732269618727000000",
      "tradeId": "5581917154719745",
      "type": "match",
      "time_before_que.put": "10:00:18.788",
      "seconds_from_release": 18.788404,
      "time_after_queue.get": "10:00:18.788"
    }
  },
  {
    "topic": "/market/match:MIGGLES-USDT",
    "type": "message",
    "subject": "trade.l3match",
    "data": {
      "makerOrderId": "67405632f15b270007649dd2",
      "price": "0.16",
      "sequence": "5581917156685825",
      "side": "buy",
      "size": "138.89",
      "symbol": "MIGGLES-USDT",
      "takerOrderId": "6740563231d0950007ef1399",
      "time": "1732269618733000000",
      "tradeId": "5581917156685825",
      "type": "match",
      "time_before_que.put": "10:00:18.788",
      "seconds_from_release": 18.788503,
      "time_after_queue.get": "10:00:18.788"
    }
  },
  {
    "topic": "/market/match:MIGGLES-USDT",
    "type": "message",
    "subject": "trade.l3match",
    "data": {
      "makerOrderId": "67405632f15b270007649dd2",
      "price": "0.16",
      "sequence": "5581917157472257",
      "side": "buy",
      "size": "112.72",
      "symbol": "MIGGLES-USDT",
      "takerOrderId": "67405632df6f6e000737c899",
      "time": "1732269618737000000",
      "tradeId": "5581917157472257",
      "type": "match",
      "time_before_que.put": "10:00:18.788",
      "seconds_from_release": 18.788589,
      "time_after_queue.get": "10:00:18.788"
    }
  },
  {
    "topic": "/market/match:MIGGLES-USDT",
    "type": "message",
    "subject": "trade.l3match",
    "data": {
      "makerOrderId": "67405632f15b270007649dd2",
      "price": "0.16",
      "sequence": "5581917157996545",
      "side": "buy",
      "size": "290.38",
      "symbol": "MIGGLES-USDT",
      "takerOrderId": "674056320d85530007e2de49",
      "time": "1732269618738000000",
      "tradeId": "5581917157996545",
      "type": "match",
      "time_before_que.put": "10:00:18.788",
      "seconds_from_release": 18.788679,
      "time_after_queue.get": "10:00:18.788"
    }
  },
  {
    "topic": "/market/match:MIGGLES-USDT",
    "type": "message",
    "subject": "trade.l3match",
    "data": {
      "makerOrderId": "67405632f15b270007649dd2",
      "price": "0.16",
      "sequence": "5581917159045121",
      "side": "buy",
      "size": "112.72",
      "symbol": "MIGGLES-USDT",
      "takerOrderId": "6740563237061e0007083132",
      "time": "1732269618742000000",
      "tradeId": "5581917159045121",
      "type": "match",
      "time_before_que.put": "10:00:18.788",
      "seconds_from_release": 18.788776,
      "time_after_queue.get": "10:00:18.788"
    }
  },
  {
    "topic": "/market/match:MIGGLES-USDT",
    "type": "message",
    "subject": "trade.l3match",
    "data": {
      "makerOrderId": "67405632f15b270007649dd2",
      "price": "0.16",
      "sequence": "5581917163763713",
      "side": "buy",
      "size": "135.16",
      "symbol": "MIGGLES-USDT",
      "takerOrderId": "6740563231d0950007ef13c4",
      "time": "1732269618752000000",
      "tradeId": "5581917163763713",
      "type": "match",
      "time_before_que.put": "10:00:18.802",
      "seconds_from_release": 18.802682,
      "time_after_queue.get": "10:00:18.802"
    }
  },
  {
    "topic": "/market/match:MIGGLES-USDT",
    "type": "message",
    "subject": "trade.l3match",
    "data": {
      "makerOrderId": "67405632f15b270007649dd2",
      "price": "0.16",
      "sequence": "5581917164288001",
      "side": "buy",
      "size": "72.8",
      "symbol": "MIGGLES-USDT",
      "takerOrderId": "67405632f15b270007649eba",
      "time": "1732269618754000000",
      "tradeId": "5581917164288001",
      "type": "match",
      "time_before_que.put": "10:00:18.802",
      "seconds_from_release": 18.802884,
      "time_after_queue.get": "10:00:18.802"
    }
  },
  {
    "topic": "/market/match:MIGGLES-USDT",
    "type": "message",
    "subject": "trade.l3match",
    "data": {
      "makerOrderId": "67405632f15b270007649dd2",
      "price": "0.16",
      "sequence": "5581917166385153",
      "side": "buy",
      "size": "232.32",
      "symbol": "MIGGLES-USDT",
      "takerOrderId": "67405632df6f6e000737c8c4",
      "time": "1732269618764000000",
      "tradeId": "5581917166385153",
      "type": "match",
      "time_before_que.put": "10:00:18.811",
      "seconds_from_release": 18.811534,
      "time_after_queue.get": "10:00:18.812"
    }
  },
  {
    "topic": "/market/match:MIGGLES-USDT",
    "type": "message",
    "subject": "trade.l3match",
    "data": {
      "makerOrderId": "67405632f15b270007649dd2",
      "price": "0.16",
      "sequence": "5581917167302657",
      "side": "buy",
      "size": "116.73",
      "symbol": "MIGGLES-USDT",
      "takerOrderId": "67405632b7e21a0007283dd4",
      "time": "1732269618766000000",
      "tradeId": "5581917167302657",
      "type": "match",
      "time_before_que.put": "10:00:18.811",
      "seconds_from_release": 18.811943,
      "time_after_queue.get": "10:00:18.812"
    }
  },
  {
    "topic": "/market/match:MIGGLES-USDT",
    "type": "message",
    "subject": "trade.l3match",
    "data": {
      "makerOrderId": "67405632f15b270007649dd2",
      "price": "0.16",
      "sequence": "5581917167433729",
      "side": "buy",
      "size": "369.69",
      "symbol": "MIGGLES-USDT",
      "takerOrderId": "67405632f1bf4000075807a9",
      "time": "1732269618766000000",
      "tradeId": "5581917167433729",
      "type": "match",
      "time_before_que.put": "10:00:18.812",
      "seconds_from_release": 18.812245,
      "time_after_queue.get": "10:00:18.812"
    }
  },
  {
    "topic": "/market/match:MIGGLES-USDT",
    "type": "message",
    "subject": "trade.l3match",
    "data": {
      "makerOrderId": "67405632f15b270007649dd2",
      "price": "0.16",
      "sequence": "5581917169399809",
      "side": "buy",
      "size": "116.73",
      "symbol": "MIGGLES-USDT",
      "takerOrderId": "67405632f1bf4000075807bd",
      "time": "1732269618770000000",
      "tradeId": "5581917169399809",
      "type": "match",
      "time_before_que.put": "10:00:18.826",
      "seconds_from_release": 18.826727,
      "time_after_queue.get": "10:00:18.826"
    }
  },
  {
    "topic": "/market/match:MIGGLES-USDT",
    "type": "message",
    "subject": "trade.l3match",
    "data": {
      "makerOrderId": "67405632f15b270007649dd2",
      "price": "0.16",
      "sequence": "5581917174511617",
      "side": "buy",
      "size": "115.05",
      "symbol": "MIGGLES-USDT",
      "takerOrderId": "674056326967d30007c78ee7",
      "time": "1732269618789000000",
      "tradeId": "5581917174511617",
      "type": "match",
      "time_before_que.put": "10:00:18.839",
      "seconds_from_release": 18.839746,
      "time_after_queue.get": "10:00:18.839"
    }
  },
  {
    "topic": "/market/match:MIGGLES-USDT",
    "type": "message",
    "subject": "trade.l3match",
    "data": {
      "makerOrderId": "67405632f15b270007649dd2",
      "price": "0.16",
      "sequence": "5581917175691265",
      "side": "buy",
      "size": "115.05",
      "symbol": "MIGGLES-USDT",
      "takerOrderId": "67405632f1bf4000075807e7",
      "time": "1732269618791000000",
      "tradeId": "5581917175691265",
      "type": "match",
      "time_before_que.put": "10:00:18.840",
      "seconds_from_release": 18.840107,
      "time_after_queue.get": "10:00:18.840"
    }
  },
  {
    "topic": "/market/match:MIGGLES-USDT",
    "type": "message",
    "subject": "trade.l3match",
    "data": {
      "makerOrderId": "67405632f15b270007649dd2",
      "price": "0.16",
      "sequence": "5581917179492353",
      "side": "buy",
      "size": "153.93",
      "symbol": "MIGGLES-USDT",
      "takerOrderId": "67405632cf286a0007030c82",
      "time": "1732269618797000000",
      "tradeId": "5581917179492353",
      "type": "match",
      "time_before_que.put": "10:00:18.845",
      "seconds_from_release": 18.845908,
      "time_after_queue.get": "10:00:18.846"
    }
  },
  {
    "topic": "/market/match:MIGGLES-USDT",
    "type": "message",
    "subject": "trade.l3match",
    "data": {
      "makerOrderId": "67405632f15b270007649dd2",
      "price": "0.16",
      "sequence": "5581917179623425",
      "side": "buy",
      "size": "311.3",
      "symbol": "MIGGLES-USDT",
      "takerOrderId": "674056326967d30007c78ef8",
      "time": "1732269618798000000",
      "tradeId": "5581917179623425",
      "type": "match",
      "time_before_que.put": "10:00:18.846",
      "seconds_from_release": 18.846068,
      "time_after_queue.get": "10:00:18.846"
    }
  },
  {
    "topic": "/market/match:MIGGLES-USDT",
    "type": "message",
    "subject": "trade.l3match",
    "data": {
      "makerOrderId": "67405632f15b270007649dd2",
      "price": "0.16",
      "sequence": "5581917183031297",
      "side": "buy",
      "size": "84.74",
      "symbol": "MIGGLES-USDT",
      "takerOrderId": "6740563268486d00074d5915",
      "time": "1732269618807000000",
      "tradeId": "5581917183031297",
      "type": "match",
      "time_before_que.put": "10:00:18.855",
      "seconds_from_release": 18.855507,
      "time_after_queue.get": "10:00:18.855"
    }
  },
  {
    "topic": "/market/match:MIGGLES-USDT",
    "type": "message",
    "subject": "trade.l3match",
    "data": {
      "makerOrderId": "67405632f15b270007649dd2",
      "price": "0.16",
      "sequence": "5581917187749889",
      "side": "buy",
      "size": "220.11",
      "symbol": "MIGGLES-USDT",
      "takerOrderId": "67405632c65bf70007f74815",
      "time": "1732269618815000000",
      "tradeId": "5581917187749889",
      "type": "match",
      "time_before_que.put": "10:00:18.863",
      "seconds_from_release": 18.863728,
      "time_after_queue.get": "10:00:18.864"
    }
  },
  {
    "topic": "/market/match:MIGGLES-USDT",
    "type": "message",
    "subject": "trade.l3match",
    "data": {
      "makerOrderId": "67405634c65bf70007f74eae",
      "price": "0.16",
      "sequence": "5581917832493057",
      "side": "sell",
      "size": "7.73",
      "symbol": "MIGGLES-USDT",
      "takerOrderId": "674056340d85530007e2e8e8",
      "time": "1732269620764000000",
      "tradeId": "5581917832493057",
      "type": "match",
      "time_before_que.put": "10:00:20.808",
      "seconds_from_release": 20.808805,
      "time_after_queue.get": "10:00:20.809"
    }
  },
  {
    "topic": "/market/match:MIGGLES-USDT",
    "type": "message",
    "subject": "trade.l3match",
    "data": {
      "makerOrderId": "674056340d85530007e2e8e8",
      "price": "0.16",
      "sequence": "5581917845993473",
      "side": "buy",
      "size": "215.18",
      "symbol": "MIGGLES-USDT",
      "takerOrderId": "674056346967d30007c799a4",
      "time": "1732269620793000000",
      "tradeId": "5581917845993473",
      "type": "match",
      "time_before_que.put": "10:00:20.851",
      "seconds_from_release": 20.851322,
      "time_after_queue.get": "10:00:20.851"
    }
  },
  {
    "topic": "/market/match:MIGGLES-USDT",
    "type": "message",
    "subject": "trade.l3match",
    "data": {
      "makerOrderId": "674056340d85530007e2e8e8",
      "price": "0.16",
      "sequence": "5581917850843137",
      "side": "buy",
      "size": "360.83",
      "symbol": "MIGGLES-USDT",
      "takerOrderId": "67405634b7e21a0007284915",
      "time": "1732269620805000000",
      "tradeId": "5581917850843137",
      "type": "match",
      "time_before_que.put": "10:00:20.856",
      "seconds_from_release": 20.856175,
      "time_after_queue.get": "10:00:20.856"
    }
  },
  {
    "topic": "/market/match:MIGGLES-USDT",
    "type": "message",
    "subject": "trade.l3match",
    "data": {
      "makerOrderId": "674056340d85530007e2e8e8",
      "price": "0.16",
      "sequence": "5581917859362817",
      "side": "buy",
      "size": "410.45",
      "symbol": "MIGGLES-USDT",
      "takerOrderId": "67405634f4f12000077ccb96",
      "time": "1732269620821000000",
      "tradeId": "5581917859362817",
      "type": "match",
      "time_before_que.put": "10:00:20.867",
      "seconds_from_release": 20.867002,
      "time_after_queue.get": "10:00:20.867"
    }
  },
  {
    "topic": "/market/match:MIGGLES-USDT",
    "type": "message",
    "subject": "trade.l3match",
    "data": {
      "makerOrderId": "674056340d85530007e2e8e8",
      "price": "0.16",
      "sequence": "5581917861328897",
      "side": "buy",
      "size": "875.63",
      "symbol": "MIGGLES-USDT",
      "takerOrderId": "67405634f15b27000764aa38",
      "time": "1732269620828000000",
      "tradeId": "5581917861328897",
      "type": "match",
      "time_before_que.put": "10:00:20.876",
      "seconds_from_release": 20.876695,
      "time_after_queue.get": "10:00:20.877"
    }
  },
  {
    "topic": "/market/match:MIGGLES-USDT",
    "type": "message",
    "subject": "trade.l3match",
    "data": {
      "makerOrderId": "674056340d85530007e2e8e8",
      "price": "0.16",
      "sequence": "5581917863688193",
      "side": "buy",
      "size": "410.45",
      "symbol": "MIGGLES-USDT",
      "takerOrderId": "67405634d52cb80007c1a2a5",
      "time": "1732269620836000000",
      "tradeId": "5581917863688193",
      "type": "match",
      "time_before_que.put": "10:00:20.880",
      "seconds_from_release": 20.880659,
      "time_after_queue.get": "10:00:20.880"
    }
  },
  {
    "topic": "/market/match:MIGGLES-USDT",
    "type": "message",
    "subject": "trade.l3match",
    "data": {
      "makerOrderId": "674056340d85530007e2e8e8",
      "price": "0.16",
      "sequence": "5581917866047489",
      "side": "buy",
      "size": "1435.67",
      "symbol": "MIGGLES-USDT",
      "takerOrderId": "6740563467cdc900070f9704",
      "time": "1732269620844000000",
      "tradeId": "5581917866047489",
      "type": "match",
      "time_before_que.put": "10:00:20.895",
      "seconds_from_release": 20.895803,
      "time_after_queue.get": "10:00:20.895"
    }
  },
  {
    "topic": "/market/match:MIGGLES-USDT",
    "type": "message",
    "subject": "trade.l3match",
    "data": {
      "makerOrderId": "674056340d85530007e2e8e8",
      "price": "0.16",
      "sequence": "5581917867227137",
      "side": "buy",
      "size": "125.88",
      "symbol": "MIGGLES-USDT",
      "takerOrderId": "67405634ae93cc00078c5ab1",
      "time": "1732269620847000000",
      "tradeId": "5581917867227137",
      "type": "match",
      "time_before_que.put": "10:00:20.895",
      "seconds_from_release": 20.895966,
      "time_after_queue.get": "10:00:20.896"
    }
  },
  {
    "topic": "/market/match:MIGGLES-USDT",
    "type": "message",
    "subject": "trade.l3match",
    "data": {
      "makerOrderId": "674056340d85530007e2e8e8",
      "price": "0.16",
      "sequence": "5581917867620353",
      "side": "buy",
      "size": "49.71",
      "symbol": "MIGGLES-USDT",
      "takerOrderId": "67405634f1bf400007581370",
      "time": "1732269620850000000",
      "tradeId": "5581917867620353",
      "type": "match",
      "time_before_que.put": "10:00:20.898",
      "seconds_from_release": 20.898644,
      "time_after_queue.get": "10:00:20.898"
    }
  },
  {
    "topic": "/market/match:MIGGLES-USDT",
    "type": "message",
    "subject": "trade.l3match",
    "data": {
      "makerOrderId": "674056340d85530007e2e8e8",
      "price": "0.16",
      "sequence": "5581917868406785",
      "side": "buy",
      "size": "2259.82",
      "symbol": "MIGGLES-USDT",
      "takerOrderId": "674056341586c10007628c2d",
      "time": "1732269620856000000",
      "tradeId": "5581917868406785",
      "type": "match",
      "time_before_que.put": "10:00:20.905",
      "seconds_from_release": 20.90574,
      "time_after_queue.get": "10:00:20.906"
    }
  },
  {
    "topic": "/market/match:MIGGLES-USDT",
    "type": "message",
    "subject": "trade.l3match",
    "data": {
      "makerOrderId": "674056340d85530007e2e8e8",
      "price": "0.16",
      "sequence": "5581917869979649",
      "side": "buy",
      "size": "2118.86",
      "symbol": "MIGGLES-USDT",
      "takerOrderId": "67405634088f0100076c61de",
      "time": "1732269620857000000",
      "tradeId": "5581917869979649",
      "type": "match",
      "time_before_que.put": "10:00:20.906",
      "seconds_from_release": 20.906114,
      "time_after_queue.get": "10:00:20.906"
    }
  },
  {
    "topic": "/market/match:MIGGLES-USDT",
    "type": "message",
    "subject": "trade.l3match",
    "data": {
      "makerOrderId": "674056340d85530007e2e8e8",
      "price": "0.16",
      "sequence": "5581917870110721",
      "side": "buy",
      "size": "125.86",
      "symbol": "MIGGLES-USDT",
      "takerOrderId": "674056344fe7460007bebc51",
      "time": "1732269620857000000",
      "tradeId": "5581917870110721",
      "type": "match",
      "time_before_que.put": "10:00:20.906",
      "seconds_from_release": 20.906277,
      "time_after_queue.get": "10:00:20.906"
    }
  },
  {
    "topic": "/market/match:MIGGLES-USDT",
    "type": "message",
    "subject": "trade.l3match",
    "data": {
      "makerOrderId": "674056340d85530007e2e8e8",
      "price": "0.16",
      "sequence": "5581917870241793",
      "side": "buy",
      "size": "207.78",
      "symbol": "MIGGLES-USDT",
      "takerOrderId": "67405634b7e21a0007284975",
      "time": "1732269620857000000",
      "tradeId": "5581917870241793",
      "type": "match",
      "time_before_que.put": "10:00:20.906",
      "seconds_from_release": 20.906513,
      "time_after_queue.get": "10:00:20.906"
    }
  },
  {
    "topic": "/market/match:MIGGLES-USDT",
    "type": "message",
    "subject": "trade.l3match",
    "data": {
      "makerOrderId": "674056340d85530007e2e8e8",
      "price": "0.16",
      "sequence": "5581917870372865",
      "side": "buy",
      "size": "3135.62",
      "symbol": "MIGGLES-USDT",
      "takerOrderId": "67405634088f0100076c61e7",
      "time": "1732269620857000000",
      "tradeId": "5581917870372865",
      "type": "match",
      "time_before_que.put": "10:00:20.906",
      "seconds_from_release": 20.906905,
      "time_after_queue.get": "10:00:20.907"
    }
  },
  {
    "topic": "/market/match:MIGGLES-USDT",
    "type": "message",
    "subject": "trade.l3match",
    "data": {
      "makerOrderId": "674056340d85530007e2e8e8",
      "price": "0.16",
      "sequence": "5581917872601089",
      "side": "buy",
      "size": "148.69",
      "symbol": "MIGGLES-USDT",
      "takerOrderId": "674056346967d30007c79a27",
      "time": "1732269620864000000",
      "tradeId": "5581917872601089",
      "type": "match",
      "time_before_que.put": "10:00:20.914",
      "seconds_from_release": 20.914849,
      "time_after_queue.get": "10:00:20.914"
    }
  },
  {
    "topic": "/market/match:MIGGLES-USDT",
    "type": "message",
    "subject": "trade.l3match",
    "data": {
      "makerOrderId": "674056340d85530007e2e8e8",
      "price": "0.16",
      "sequence": "5581917905106945",
      "side": "buy",
      "size": "19.95",
      "symbol": "MIGGLES-USDT",
      "takerOrderId": "6740563437061e0007083d44",
      "time": "1732269620887000000",
      "tradeId": "5581917905106945",
      "type": "match",
      "time_before_que.put": "10:00:20.935",
      "seconds_from_release": 20.935292,
      "time_after_queue.get": "10:00:20.935"
    }
  },
  {
    "topic": "/market/match:MIGGLES-USDT",
    "type": "message",
    "subject": "trade.l3match",
    "data": {
      "makerOrderId": "674056340d85530007e2e8e8",
      "price": "0.16",
      "sequence": "5581917909956609",
      "side": "buy",
      "size": "651.66",
      "symbol": "MIGGLES-USDT",
      "takerOrderId": "674056341586c10007628c88",
      "time": "1732269620895000000",
      "tradeId": "5581917909956609",
      "type": "match",
      "time_before_que.put": "10:00:20.946",
      "seconds_from_release": 20.94657,
      "time_after_queue.get": "10:00:20.946"
    }
  },
  {
    "topic": "/market/match:MIGGLES-USDT",
    "type": "message",
    "subject": "trade.l3match",
    "data": {
      "makerOrderId": "674056340d85530007e2e8e8",
      "price": "0.16",
      "sequence": "5581917937219585",
      "side": "buy",
      "size": "32.24",
      "symbol": "MIGGLES-USDT",
      "takerOrderId": "67405634b7e21a0007284a2e",
      "time": "1732269620975000000",
      "tradeId": "5581917937219585",
      "type": "match",
      "time_before_que.put": "10:00:21.021",
      "seconds_from_release": 21.021898,
      "time_after_queue.get": "10:00:21.022"
    }
  },
  {
    "topic": "/market/match:MIGGLES-USDT",
    "type": "message",
    "subject": "trade.l3match",
    "data": {
      "makerOrderId": "674056340d85530007e2e8e8",
      "price": "0.16",
      "sequence": "5581917946656769",
      "side": "buy",
      "size": "1152.47",
      "symbol": "MIGGLES-USDT",
      "takerOrderId": "67405635f1bf40000758145c",
      "time": "1732269621007000000",
      "tradeId": "5581917946656769",
      "type": "match",
      "time_before_que.put": "10:00:21.055",
      "seconds_from_release": 21.055098,
      "time_after_queue.get": "10:00:21.055"
    }
  },
  {
    "topic": "/market/match:MIGGLES-USDT",
    "type": "message",
    "subject": "trade.l3match",
    "data": {
      "makerOrderId": "674056340d85530007e2e8e8",
      "price": "0.16",
      "sequence": "5581917946918913",
      "side": "buy",
      "size": "504.3",
      "symbol": "MIGGLES-USDT",
      "takerOrderId": "67405635d52cb80007c1a3af",
      "time": "1732269621007000000",
      "tradeId": "5581917946918913",
      "type": "match",
      "time_before_que.put": "10:00:21.055",
      "seconds_from_release": 21.055304,
      "time_after_queue.get": "10:00:21.055"
    }
  },
  {
    "topic": "/market/match:MIGGLES-USDT",
    "type": "message",
    "subject": "trade.l3match",
    "data": {
      "makerOrderId": "674056340d85530007e2e8e8",
      "price": "0.16",
      "sequence": "5581917953079297",
      "side": "buy",
      "size": "192.56",
      "symbol": "MIGGLES-USDT",
      "takerOrderId": "67405635c65bf70007f75425",
      "time": "1732269621017000000",
      "tradeId": "5581917953079297",
      "type": "match",
      "time_before_que.put": "10:00:21.067",
      "seconds_from_release": 21.067775,
      "time_after_queue.get": "10:00:21.067"
    }
  },
  {
    "topic": "/market/match:MIGGLES-USDT",
    "type": "message",
    "subject": "trade.l3match",
    "data": {
      "makerOrderId": "674056340d85530007e2e8e8",
      "price": "0.16",
      "sequence": "5581917955569665",
      "side": "buy",
      "size": "192.56",
      "symbol": "MIGGLES-USDT",
      "takerOrderId": "67405635b7e21a0007284a75",
      "time": "1732269621023000000",
      "tradeId": "5581917955569665",
      "type": "match",
      "time_before_que.put": "10:00:21.074",
      "seconds_from_release": 21.074565,
      "time_after_queue.get": "10:00:21.074"
    }
  },
  {
    "topic": "/market/match:MIGGLES-USDT",
    "type": "message",
    "subject": "trade.l3match",
    "data": {
      "makerOrderId": "674056340d85530007e2e8e8",
      "price": "0.16",
      "sequence": "5581917955700737",
      "side": "buy",
      "size": "504.3",
      "symbol": "MIGGLES-USDT",
      "takerOrderId": "67405635df6f6e000737d4fc",
      "time": "1732269621023000000",
      "tradeId": "5581917955700737",
      "type": "match",
      "time_before_que.put": "10:00:21.074",
      "seconds_from_release": 21.074721,
      "time_after_queue.get": "10:00:21.074"
    }
  },
  {
    "topic": "/market/match:MIGGLES-USDT",
    "type": "message",
    "subject": "trade.l3match",
    "data": {
      "makerOrderId": "674056340d85530007e2e8e8",
      "price": "0.16",
      "sequence": "5581917964220417",
      "side": "buy",
      "size": "230.49",
      "symbol": "MIGGLES-USDT",
      "takerOrderId": "674056350d85530007e2eaf5",
      "time": "1732269621052000000",
      "tradeId": "5581917964220417",
      "type": "match",
      "time_before_que.put": "10:00:21.100",
      "seconds_from_release": 21.100838,
      "time_after_queue.get": "10:00:21.100"
    }
  },
  {
    "topic": "/market/match:MIGGLES-USDT",
    "type": "message",
    "subject": "trade.l3match",
    "data": {
      "makerOrderId": "674056340d85530007e2e8e8",
      "price": "0.16",
      "sequence": "5581917977720833",
      "side": "buy",
      "size": "66.91",
      "symbol": "MIGGLES-USDT",
      "takerOrderId": "67405635f1bf4000075814d4",
      "time": "1732269621088000000",
      "tradeId": "5581917977720833",
      "type": "match",
      "time_before_que.put": "10:00:21.137",
      "seconds_from_release": 21.137701,
      "time_after_queue.get": "10:00:21.137"
    }
  },
  {
    "topic": "/market/match:MIGGLES-USDT",
    "type": "message",
    "subject": "trade.l3match",
    "data": {
      "makerOrderId": "674056340d85530007e2e8e8",
      "price": "0.16",
      "sequence": "5581917982963713",
      "side": "buy",
      "size": "1103.23",
      "symbol": "MIGGLES-USDT",
      "takerOrderId": "67405635f15b27000764abeb",
      "time": "1732269621099000000",
      "tradeId": "5581917982963713",
      "type": "match",
      "time_before_que.put": "10:00:21.153",
      "seconds_from_release": 21.153351,
      "time_after_queue.get": "10:00:21.153"
    }
  },
  {
    "topic": "/market/match:MIGGLES-USDT",
    "type": "message",
    "subject": "trade.l3match",
    "data": {
      "makerOrderId": "674056340d85530007e2e8e8",
      "price": "0.16",
      "sequence": "5581917991614465",
      "side": "buy",
      "size": "1103.23",
      "symbol": "MIGGLES-USDT",
      "takerOrderId": "67405635cf286a000703195b",
      "time": "1732269621118000000",
      "tradeId": "5581917991614465",
      "type": "match",
      "time_before_que.put": "10:00:21.165",
      "seconds_from_release": 21.165217,
      "time_after_queue.get": "10:00:21.165"
    }
  },
  {
    "topic": "/market/match:MIGGLES-USDT",
    "type": "message",
    "subject": "trade.l3match",
    "data": {
      "makerOrderId": "674056340d85530007e2e8e8",
      "price": "0.16",
      "sequence": "5581917996857345",
      "side": "buy",
      "size": "230.5",
      "symbol": "MIGGLES-USDT",
      "takerOrderId": "67405635b7e21a0007284b2d",
      "time": "1732269621128000000",
      "tradeId": "5581917996857345",
      "type": "match",
      "time_before_que.put": "10:00:21.178",
      "seconds_from_release": 21.178486,
      "time_after_queue.get": "10:00:21.178"
    }
  },
  {
    "topic": "/market/match:MIGGLES-USDT",
    "type": "message",
    "subject": "trade.l3match",
    "data": {
      "makerOrderId": "674056340d85530007e2e8e8",
      "price": "0.16",
      "sequence": "5581918016256001",
      "side": "buy",
      "size": "230.5",
      "symbol": "MIGGLES-USDT",
      "takerOrderId": "6740563531d0950007ef2138",
      "time": "1732269621167000000",
      "tradeId": "5581918016256001",
      "type": "match",
      "time_before_que.put": "10:00:21.218",
      "seconds_from_release": 21.218757,
      "time_after_queue.get": "10:00:21.218"
    }
  },
  {
    "topic": "/market/match:MIGGLES-USDT",
    "type": "message",
    "subject": "trade.l3match",
    "data": {
      "makerOrderId": "674056340d85530007e2e8e8",
      "price": "0.16",
      "sequence": "5581918016387073",
      "side": "buy",
      "size": "983.73",
      "symbol": "MIGGLES-USDT",
      "takerOrderId": "67405635f15b27000764ac86",
      "time": "1732269621167000000",
      "tradeId": "5581918016387073",
      "type": "match",
      "time_before_que.put": "10:00:21.218",
      "seconds_from_release": 21.218897,
      "time_after_queue.get": "10:00:21.218"
    }
  },
  {
    "topic": "/market/match:MIGGLES-USDT",
    "type": "message",
    "subject": "trade.l3match",
    "data": {
      "makerOrderId": "6740563637061e0007084733",
      "price": "0.16",
      "sequence": "5581919198263297",
      "side": "sell",
      "size": "7.98",
      "symbol": "MIGGLES-USDT",
      "takerOrderId": "67405639f1bf400007582b1e",
      "time": "1732269625204000000",
      "tradeId": "5581919198263297",
      "type": "match",
      "time_before_que.put": "10:00:25.251",
      "seconds_from_release": 25.251926,
      "time_after_queue.get": "10:00:25.252"
    }
  },
  {
    "topic": "/market/match:MIGGLES-USDT",
    "type": "message",
    "subject": "trade.l3match",
    "data": {
      "makerOrderId": "674056374fe7460007becbf2",
      "price": "0.16",
      "sequence": "5581919198263300",
      "side": "sell",
      "size": "28.32",
      "symbol": "MIGGLES-USDT",
      "takerOrderId": "67405639f1bf400007582b1e",
      "time": "1732269625204000000",
      "tradeId": "5581919198263300",
      "type": "match",
      "time_before_que.put": "10:00:25.252",
      "seconds_from_release": 25.252358,
      "time_after_queue.get": "10:00:25.252"
    }
  },
  {
    "topic": "/market/match:MIGGLES-USDT",
    "type": "message",
    "subject": "trade.l3match",
    "data": {
      "makerOrderId": "67405639f1bf400007582b1e",
      "price": "0.16",
      "sequence": "5581919201540097",
      "side": "buy",
      "size": "186.05",
      "symbol": "MIGGLES-USDT",
      "takerOrderId": "6740563968486d00074d7b9f",
      "time": "1732269625216000000",
      "tradeId": "5581919201540097",
      "type": "match",
      "time_before_que.put": "10:00:25.265",
      "seconds_from_release": 25.265581,
      "time_after_queue.get": "10:00:25.265"
    }
  },
  {
    "topic": "/market/match:MIGGLES-USDT",
    "type": "message",
    "subject": "trade.l3match",
    "data": {
      "makerOrderId": "67405639f1bf400007582b1e",
      "price": "0.16",
      "sequence": "5581919205603329",
      "side": "buy",
      "size": "186.05",
      "symbol": "MIGGLES-USDT",
      "takerOrderId": "6740563937061e00070854cd",
      "time": "1732269625233000000",
      "tradeId": "5581919205603329",
      "type": "match",
      "time_before_que.put": "10:00:25.279",
      "seconds_from_release": 25.279878,
      "time_after_queue.get": "10:00:25.279"
    }
  },
  {
    "topic": "/market/match:MIGGLES-USDT",
    "type": "message",
    "subject": "trade.l3match",
    "data": {
      "makerOrderId": "67405639f1bf400007582b1e",
      "price": "0.16",
      "sequence": "5581919206127617",
      "side": "buy",
      "size": "236.08",
      "symbol": "MIGGLES-USDT",
      "takerOrderId": "67405639c65bf70007f76ad2",
      "time": "1732269625234000000",
      "tradeId": "5581919206127617",
      "type": "match",
      "time_before_que.put": "10:00:25.280",
      "seconds_from_release": 25.280007,
      "time_after_queue.get": "10:00:25.280"
    }
  },
  {
    "topic": "/market/match:MIGGLES-USDT",
    "type": "message",
    "subject": "trade.l3match",
    "data": {
      "makerOrderId": "67405639f1bf400007582b1e",
      "price": "0.16",
      "sequence": "5581919207176193",
      "side": "buy",
      "size": "48.42",
      "symbol": "MIGGLES-USDT",
      "takerOrderId": "67405639ae93cc00078c72d2",
      "time": "1732269625239000000",
      "tradeId": "5581919207176193",
      "type": "match",
      "time_before_que.put": "10:00:25.287",
      "seconds_from_release": 25.287426,
      "time_after_queue.get": "10:00:25.287"
    }
  },
  {
    "topic": "/market/match:MIGGLES-USDT",
    "type": "message",
    "subject": "trade.l3match",
    "data": {
      "makerOrderId": "67405639f1bf400007582b1e",
      "price": "0.16",
      "sequence": "5581919209011201",
      "side": "buy",
      "size": "201.18",
      "symbol": "MIGGLES-USDT",
      "takerOrderId": "6740563937061e00070854e5",
      "time": "1732269625253000000",
      "tradeId": "5581919209011201",
      "type": "match",
      "time_before_que.put": "10:00:25.298",
      "seconds_from_release": 25.298626,
      "time_after_queue.get": "10:00:25.298"
    }
  },
  {
    "topic": "/market/match:MIGGLES-USDT",
    "type": "message",
    "subject": "trade.l3match",
    "data": {
      "makerOrderId": "67405639f1bf400007582b1e",
      "price": "0.16",
      "sequence": "5581919209404417",
      "side": "buy",
      "size": "103.31",
      "symbol": "MIGGLES-USDT",
      "takerOrderId": "67405639df6f6e000737ec17",
      "time": "1732269625254000000",
      "tradeId": "5581919209404417",
      "type": "match",
      "time_before_que.put": "10:00:25.298",
      "seconds_from_release": 25.298792,
      "time_after_queue.get": "10:00:25.298"
    }
  },
  {
    "topic": "/market/match:MIGGLES-USDT",
    "type": "message",
    "subject": "trade.l3match",
    "data": {
      "makerOrderId": "67405639f1bf400007582b1e",
      "price": "0.16",
      "sequence": "5581919209666561",
      "side": "buy",
      "size": "48.42",
      "symbol": "MIGGLES-USDT",
      "takerOrderId": "674056390d85530007e301cd",
      "time": "1732269625257000000",
      "tradeId": "5581919209666561",
      "type": "match",
      "time_before_que.put": "10:00:25.307",
      "seconds_from_release": 25.307316,
      "time_after_queue.get": "10:00:25.307"
    }
  },
  {
    "topic": "/market/match:MIGGLES-USDT",
    "type": "message",
    "subject": "trade.l3match",
    "data": {
      "makerOrderId": "67405639f1bf400007582b1e",
      "price": "0.16",
      "sequence": "5581919212681217",
      "side": "buy",
      "size": "53.63",
      "symbol": "MIGGLES-USDT",
      "takerOrderId": "67405639b7e21a00072861bf",
      "time": "1732269625266000000",
      "tradeId": "5581919212681217",
      "type": "match",
      "time_before_que.put": "10:00:25.314",
      "seconds_from_release": 25.31409,
      "time_after_queue.get": "10:00:25.314"
    }
  },
  {
    "topic": "/market/match:MIGGLES-USDT",
    "type": "message",
    "subject": "trade.l3match",
    "data": {
      "makerOrderId": "67405639f1bf400007582b1e",
      "price": "0.16",
      "sequence": "5581919212943361",
      "side": "buy",
      "size": "1681.32",
      "symbol": "MIGGLES-USDT",
      "takerOrderId": "67405639df6f6e000737ec27",
      "time": "1732269625266000000",
      "tradeId": "5581919212943361",
      "type": "match",
      "time_before_que.put": "10:00:25.314",
      "seconds_from_release": 25.314297,
      "time_after_queue.get": "10:00:25.314"
    }
  },
  {
    "topic": "/market/match:MIGGLES-USDT",
    "type": "message",
    "subject": "trade.l3match",
    "data": {
      "makerOrderId": "67405639f1bf400007582b1e",
      "price": "0.16",
      "sequence": "5581919213467649",
      "side": "buy",
      "size": "422.2",
      "symbol": "MIGGLES-USDT",
      "takerOrderId": "67405639f15b27000764c282",
      "time": "1732269625271000000",
      "tradeId": "5581919213467649",
      "type": "match",
      "time_before_que.put": "10:00:25.314",
      "seconds_from_release": 25.314577,
      "time_after_queue.get": "10:00:25.314"
    }
  },
  {
    "topic": "/market/match:MIGGLES-USDT",
    "type": "message",
    "subject": "trade.l3match",
    "data": {
      "makerOrderId": "67405639f1bf400007582b1e",
      "price": "0.16",
      "sequence": "5581919215040513",
      "side": "buy",
      "size": "84.44",
      "symbol": "MIGGLES-USDT",
      "takerOrderId": "67405639f4f12000077ce3be",
      "time": "1732269625277000000",
      "tradeId": "5581919215040513",
      "type": "match",
      "time_before_que.put": "10:00:25.321",
      "seconds_from_release": 25.321751,
      "time_after_queue.get": "10:00:25.322"
    }
  },
  {
    "topic": "/market/match:MIGGLES-USDT",
    "type": "message",
    "subject": "trade.l3match",
    "data": {
      "makerOrderId": "67405639f1bf400007582b1e",
      "price": "0.16",
      "sequence": "5581919215171585",
      "side": "buy",
      "size": "1765.05",
      "symbol": "MIGGLES-USDT",
      "takerOrderId": "67405639f1bf400007582b9d",
      "time": "1732269625277000000",
      "tradeId": "5581919215171585",
      "type": "match",
      "time_before_que.put": "10:00:25.327",
      "seconds_from_release": 25.327181,
      "time_after_queue.get": "10:00:25.327"
    }
  },
  {
    "topic": "/market/match:MIGGLES-USDT",
    "type": "message",
    "subject": "trade.l3match",
    "data": {
      "makerOrderId": "67405639f1bf400007582b1e",
      "price": "0.16",
      "sequence": "5581919215695873",
      "side": "buy",
      "size": "1086.19",
      "symbol": "MIGGLES-USDT",
      "takerOrderId": "67405639b7e21a00072861d7",
      "time": "1732269625280000000",
      "tradeId": "5581919215695873",
      "type": "match",
      "time_before_que.put": "10:00:25.327",
      "seconds_from_release": 25.327579,
      "time_after_queue.get": "10:00:25.328"
    }
  },
  {
    "topic": "/market/match:MIGGLES-USDT",
    "type": "message",
    "subject": "trade.l3match",
    "data": {
      "makerOrderId": "67405639f1bf400007582b1e",
      "price": "0.16",
      "sequence": "5581919215826945",
      "side": "buy",
      "size": "336.27",
      "symbol": "MIGGLES-USDT",
      "takerOrderId": "67405639b7e21a00072861da",
      "time": "1732269625280000000",
      "tradeId": "5581919215826945",
      "type": "match",
      "time_before_que.put": "10:00:25.327",
      "seconds_from_release": 25.327924,
      "time_after_queue.get": "10:00:25.328"
    }
  },
  {
    "topic": "/market/match:MIGGLES-USDT",
    "type": "message",
    "subject": "trade.l3match",
    "data": {
      "makerOrderId": "67405639f1bf400007582b1e",
      "price": "0.16",
      "sequence": "5581919216744449",
      "side": "buy",
      "size": "1897.99",
      "symbol": "MIGGLES-USDT",
      "takerOrderId": "67405639088f0100076c79a1",
      "time": "1732269625282000000",
      "tradeId": "5581919216744449",
      "type": "match",
      "time_before_que.put": "10:00:25.333",
      "seconds_from_release": 25.333939,
      "time_after_queue.get": "10:00:25.334"
    }
  },
  {
    "topic": "/market/match:MIGGLES-USDT",
    "type": "message",
    "subject": "trade.l3match",
    "data": {
      "makerOrderId": "67405639f1bf400007582b1e",
      "price": "0.16",
      "sequence": "5581919217137665",
      "side": "buy",
      "size": "55.32",
      "symbol": "MIGGLES-USDT",
      "takerOrderId": "67405639d52cb80007c1baf6",
      "time": "1732269625283000000",
      "tradeId": "5581919217137665",
      "type": "match",
      "time_before_que.put": "10:00:25.334",
      "seconds_from_release": 25.334193,
      "time_after_queue.get": "10:00:25.334"
    }
  },
  {
    "topic": "/market/match:MIGGLES-USDT",
    "type": "message",
    "subject": "trade.l3match",
    "data": {
      "makerOrderId": "67405639f1bf400007582b1e",
      "price": "0.16",
      "sequence": "5581919217268737",
      "side": "buy",
      "size": "90.51",
      "symbol": "MIGGLES-USDT",
      "takerOrderId": "67405639f1bf400007582b9f",
      "time": "1732269625283000000",
      "tradeId": "5581919217268737",
      "type": "match",
      "time_before_que.put": "10:00:25.334",
      "seconds_from_release": 25.334552,
      "time_after_queue.get": "10:00:25.334"
    }
  },
  {
    "topic": "/market/match:MIGGLES-USDT",
    "type": "message",
    "subject": "trade.l3match",
    "data": {
      "makerOrderId": "67405639f1bf400007582b1e",
      "price": "0.16",
      "sequence": "5581919218448385",
      "side": "buy",
      "size": "129.13",
      "symbol": "MIGGLES-USDT",
      "takerOrderId": "6740563937061e0007085510",
      "time": "1732269625285000000",
      "tradeId": "5581919218448385",
      "type": "match",
      "time_before_que.put": "10:00:25.334",
      "seconds_from_release": 25.33467,
      "time_after_queue.get": "10:00:25.334"
    }
  },
  {
    "topic": "/market/match:MIGGLES-USDT",
    "type": "message",
    "subject": "trade.l3match",
    "data": {
      "makerOrderId": "67405639f1bf400007582b1e",
      "price": "0.16",
      "sequence": "5581919218841601",
      "side": "buy",
      "size": "1939.96",
      "symbol": "MIGGLES-USDT",
      "takerOrderId": "674056396967d30007c7b288",
      "time": "1732269625288000000",
      "tradeId": "5581919218841601",
      "type": "match",
      "time_before_que.put": "10:00:25.334",
      "seconds_from_release": 25.334818,
      "time_after_queue.get": "10:00:25.334"
    }
  },
  {
    "topic": "/market/match:MIGGLES-USDT",
    "type": "message",
    "subject": "trade.l3match",
    "data": {
      "makerOrderId": "6740563cb7e21a00072873aa",
      "price": "0.1601",
      "sequence": "5581920359954433",
      "side": "sell",
      "size": "15.96",
      "symbol": "MIGGLES-USDT",
      "takerOrderId": "6740563cf4a7c500075e7f72",
      "time": "1732269628835000000",
      "tradeId": "5581920359954433",
      "type": "match",
      "time_before_que.put": "10:00:28.887",
      "seconds_from_release": 28.887607,
      "time_after_queue.get": "10:00:28.887"
    }
  },
  {
    "topic": "/market/match:MIGGLES-USDT",
    "type": "message",
    "subject": "trade.l3match",
    "data": {
      "makerOrderId": "6740563c6967d30007c7c34d",
      "price": "0.16",
      "sequence": "5581920359954436",
      "side": "sell",
      "size": "3933.63",
      "symbol": "MIGGLES-USDT",
      "takerOrderId": "6740563cf4a7c500075e7f72",
      "time": "1732269628835000000",
      "tradeId": "5581920359954436",
      "type": "match",
      "time_before_que.put": "10:00:28.887",
      "seconds_from_release": 28.887834,
      "time_after_queue.get": "10:00:28.887"
    }
  },
  {
    "topic": "/market/match:MIGGLES-USDT",
    "type": "message",
    "subject": "trade.l3match",
    "data": {
      "makerOrderId": "6740563231d0950007ef1470",
      "price": "0.1599",
      "sequence": "5581920359954439",
      "side": "sell",
      "size": "274.41",
      "symbol": "MIGGLES-USDT",
      "takerOrderId": "6740563cf4a7c500075e7f72",
      "time": "1732269628835000000",
      "tradeId": "5581920359954439",
      "type": "match",
      "time_before_que.put": "10:00:28.887",
      "seconds_from_release": 28.887983,
      "time_after_queue.get": "10:00:28.888"
    }
  },
  {
    "topic": "/market/match:MIGGLES-USDT",
    "type": "message",
    "subject": "trade.l3match",
    "data": {
      "makerOrderId": "67405639ae93cc00078c7351",
      "price": "0.1599",
      "sequence": "5581920359954442",
      "side": "sell",
      "size": "5.39",
      "symbol": "MIGGLES-USDT",
      "takerOrderId": "6740563cf4a7c500075e7f72",
      "time": "1732269628835000000",
      "tradeId": "5581920359954442",
      "type": "match",
      "time_before_que.put": "10:00:28.888",
      "seconds_from_release": 28.888078,
      "time_after_queue.get": "10:00:28.888"
    }
  },
  {
    "topic": "/market/match:MIGGLES-USDT",
    "type": "message",
    "subject": "trade.l3match",
    "data": {
      "makerOrderId": "6740563c37061e0007086a94",
      "price": "0.16",
      "sequence": "5581920383416321",
      "side": "buy",
      "size": "260.55",
      "symbol": "MIGGLES-USDT",
      "takerOrderId": "6740563c088f0100076c8fe3",
      "time": "1732269628872000000",
      "tradeId": "5581920383416321",
      "type": "match",
      "time_before_que.put": "10:00:28.915",
      "seconds_from_release": 28.915125,
      "time_after_queue.get": "10:00:28.915"
    }
  },
  {
    "topic": "/market/match:MIGGLES-USDT",
    "type": "message",
    "subject": "trade.l3match",
    "data": {
      "makerOrderId": "6740563c37061e0007086a94",
      "price": "0.16",
      "sequence": "5581920384202753",
      "side": "buy",
      "size": "260.55",
      "symbol": "MIGGLES-USDT",
      "takerOrderId": "6740563cf1bf40000758416a",
      "time": "1732269628873000000",
      "tradeId": "5581920384202753",
      "type": "match",
      "time_before_que.put": "10:00:28.924",
      "seconds_from_release": 28.924709,
      "time_after_queue.get": "10:00:28.924"
    }
  },
  {
    "topic": "/market/match:MIGGLES-USDT",
    "type": "message",
    "subject": "trade.l3match",
    "data": {
      "makerOrderId": "6740563c37061e0007086a94",
      "price": "0.16",
      "sequence": "5581920385251329",
      "side": "buy",
      "size": "260.55",
      "symbol": "MIGGLES-USDT",
      "takerOrderId": "6740563cae93cc00078c88c3",
      "time": "1732269628875000000",
      "tradeId": "5581920385251329",
      "type": "match",
      "time_before_que.put": "10:00:28.924",
      "seconds_from_release": 28.924947,
      "time_after_queue.get": "10:00:28.925"
    }
  },
  {
    "topic": "/market/match:MIGGLES-USDT",
    "type": "message",
    "subject": "trade.l3match",
    "data": {
      "makerOrderId": "6740563c37061e0007086a94",
      "price": "0.16",
      "sequence": "5581920385382401",
      "side": "buy",
      "size": "260.55",
      "symbol": "MIGGLES-USDT",
      "takerOrderId": "6740563cb7e21a00072877cb",
      "time": "1732269628875000000",
      "tradeId": "5581920385382401",
      "type": "match",
      "time_before_que.put": "10:00:28.925",
      "seconds_from_release": 28.925176,
      "time_after_queue.get": "10:00:28.925"
    }
  },
  {
    "topic": "/market/match:MIGGLES-USDT",
    "type": "message",
    "subject": "trade.l3match",
    "data": {
      "makerOrderId": "6740563c37061e0007086a94",
      "price": "0.16",
      "sequence": "5581920415004673",
      "side": "buy",
      "size": "260.55",
      "symbol": "MIGGLES-USDT",
      "takerOrderId": "6740563cd52cb80007c1d092",
      "time": "1732269628888000000",
      "tradeId": "5581920415004673",
      "type": "match",
      "time_before_que.put": "10:00:28.938",
      "seconds_from_release": 28.938053,
      "time_after_queue.get": "10:00:28.938"
    }
  },
  {
    "topic": "/market/match:MIGGLES-USDT",
    "type": "message",
    "subject": "trade.l3match",
    "data": {
      "makerOrderId": "6740563c37061e0007086a94",
      "price": "0.16",
      "sequence": "5581920416315393",
      "side": "buy",
      "size": "260.55",
      "symbol": "MIGGLES-USDT",
      "takerOrderId": "6740563cc5ba7400074c5531",
      "time": "1732269628889000000",
      "tradeId": "5581920416315393",
      "type": "match",
      "time_before_que.put": "10:00:28.938",
      "seconds_from_release": 28.938339,
      "time_after_queue.get": "10:00:28.938"
    }
  },
  {
    "topic": "/market/match:MIGGLES-USDT",
    "type": "message",
    "subject": "trade.l3match",
    "data": {
      "makerOrderId": "6740563c37061e0007086a94",
      "price": "0.16",
      "sequence": "5581920416446465",
      "side": "buy",
      "size": "260.55",
      "symbol": "MIGGLES-USDT",
      "takerOrderId": "6740563cb7e21a00072877fc",
      "time": "1732269628889000000",
      "tradeId": "5581920416446465",
      "type": "match",
      "time_before_que.put": "10:00:28.938",
      "seconds_from_release": 28.938892,
      "time_after_queue.get": "10:00:28.939"
    }
  },
  {
    "topic": "/market/match:MIGGLES-USDT",
    "type": "message",
    "subject": "trade.l3match",
    "data": {
      "makerOrderId": "6740563c37061e0007086a94",
      "price": "0.16",
      "sequence": "5581920416970753",
      "side": "buy",
      "size": "260.55",
      "symbol": "MIGGLES-USDT",
      "takerOrderId": "6740563cb7e21a0007287806",
      "time": "1732269628889000000",
      "tradeId": "5581920416970753",
      "type": "match",
      "time_before_que.put": "10:00:28.939",
      "seconds_from_release": 28.939192,
      "time_after_queue.get": "10:00:28.939"
    }
  },
  {
    "topic": "/market/match:MIGGLES-USDT",
    "type": "message",
    "subject": "trade.l3match",
    "data": {
      "makerOrderId": "6740563c37061e0007086a94",
      "price": "0.16",
      "sequence": "5581920418281473",
      "side": "buy",
      "size": "260.55",
      "symbol": "MIGGLES-USDT",
      "takerOrderId": "6740563cae93cc00078c8900",
      "time": "1732269628892000000",
      "tradeId": "5581920418281473",
      "type": "match",
      "time_before_que.put": "10:00:28.939",
      "seconds_from_release": 28.939318,
      "time_after_queue.get": "10:00:28.939"
    }
  },
  {
    "topic": "/market/match:MIGGLES-USDT",
    "type": "message",
    "subject": "trade.l3match",
    "data": {
      "makerOrderId": "6740563c37061e0007086a94",
      "price": "0.16",
      "sequence": "5581920418674689",
      "side": "buy",
      "size": "260.55",
      "symbol": "MIGGLES-USDT",
      "takerOrderId": "6740563cb7e21a0007287814",
      "time": "1732269628893000000",
      "tradeId": "5581920418674689",
      "type": "match",
      "time_before_que.put": "10:00:28.944",
      "seconds_from_release": 28.944973,
      "time_after_queue.get": "10:00:28.945"
    }
  },
  {
    "topic": "/market/match:MIGGLES-USDT",
    "type": "message",
    "subject": "trade.l3match",
    "data": {
      "makerOrderId": "6740563c37061e0007086a94",
      "price": "0.16",
      "sequence": "5581920420378625",
      "side": "buy",
      "size": "241.45",
      "symbol": "MIGGLES-USDT",
      "takerOrderId": "6740563cf1bf4000075841b8",
      "time": "1732269628895000000",
      "tradeId": "5581920420378625",
      "type": "match",
      "time_before_que.put": "10:00:28.945",
      "seconds_from_release": 28.945215,
      "time_after_queue.get": "10:00:28.945"
    }
  },
  {
    "topic": "/market/match:MIGGLES-USDT",
    "type": "message",
    "subject": "trade.l3match",
    "data": {
      "makerOrderId": "6740563c37061e0007086a94",
      "price": "0.16",
      "sequence": "5581920420509697",
      "side": "buy",
      "size": "174.64",
      "symbol": "MIGGLES-USDT",
      "takerOrderId": "6740563cf15b27000764d897",
      "time": "1732269628895000000",
      "tradeId": "5581920420509697",
      "type": "match",
      "time_before_que.put": "10:00:28.945",
      "seconds_from_release": 28.94534,
      "time_after_queue.get": "10:00:28.945"
    }
  },
  {
    "topic": "/market/match:MIGGLES-USDT",
    "type": "message",
    "subject": "trade.l3match",
    "data": {
      "makerOrderId": "6740563c37061e0007086a94",
      "price": "0.16",
      "sequence": "5581920420640769",
      "side": "buy",
      "size": "212.49",
      "symbol": "MIGGLES-USDT",
      "takerOrderId": "6740563c088f0100076c9033",
      "time": "1732269628895000000",
      "tradeId": "5581920420640769",
      "type": "match",
      "time_before_que.put": "10:00:28.945",
      "seconds_from_release": 28.945458,
      "time_after_queue.get": "10:00:28.945"
    }
  },
  {
    "topic": "/market/match:MIGGLES-USDT",
    "type": "message",
    "subject": "trade.l3match",
    "data": {
      "makerOrderId": "6740563c37061e0007086a94",
      "price": "0.16",
      "sequence": "5581920423262209",
      "side": "buy",
      "size": "260.55",
      "symbol": "MIGGLES-USDT",
      "takerOrderId": "6740563c1586c1000762bad1",
      "time": "1732269628900000000",
      "tradeId": "5581920423262209",
      "type": "match",
      "time_before_que.put": "10:00:28.951",
      "seconds_from_release": 28.951499,
      "time_after_queue.get": "10:00:28.951"
    }
  },
  {
    "topic": "/market/match:MIGGLES-USDT",
    "type": "message",
    "subject": "trade.l3match",
    "data": {
      "makerOrderId": "6740563c37061e0007086a94",
      "price": "0.16",
      "sequence": "5581920424835073",
      "side": "buy",
      "size": "260.55",
      "symbol": "MIGGLES-USDT",
      "takerOrderId": "6740563cdf6f6e00073801d7",
      "time": "1732269628902000000",
      "tradeId": "5581920424835073",
      "type": "match",
      "time_before_que.put": "10:00:28.951",
      "seconds_from_release": 28.951845,
      "time_after_queue.get": "10:00:28.952"
    }
  },
  {
    "topic": "/market/match:MIGGLES-USDT",
    "type": "message",
    "subject": "trade.l3match",
    "data": {
      "makerOrderId": "6740563c37061e0007086a94",
      "price": "0.16",
      "sequence": "5581920436500481",
      "side": "buy",
      "size": "80.37",
      "symbol": "MIGGLES-USDT",
      "takerOrderId": "6740563cb7e21a0007287896",
      "time": "1732269628923000000",
      "tradeId": "5581920436500481",
      "type": "match",
      "time_before_que.put": "10:00:28.970",
      "seconds_from_release": 28.970533,
      "time_after_queue.get": "10:00:28.970"
    }
  },
  {
    "topic": "/market/match:MIGGLES-USDT",
    "type": "message",
    "subject": "trade.l3match",
    "data": {
      "makerOrderId": "6740563c37061e0007086a94",
      "price": "0.16",
      "sequence": "5581920444758017",
      "side": "buy",
      "size": "62.49",
      "symbol": "MIGGLES-USDT",
      "takerOrderId": "6740563ccf286a00070346b8",
      "time": "1732269628941000000",
      "tradeId": "5581920444758017",
      "type": "match",
      "time_before_que.put": "10:00:28.990",
      "seconds_from_release": 28.990427,
      "time_after_queue.get": "10:00:28.990"
    }
  },
  {
    "topic": "/market/match:MIGGLES-USDT",
    "type": "message",
    "subject": "trade.l3match",
    "data": {
      "makerOrderId": "6740563c37061e0007086a94",
      "price": "0.16",
      "sequence": "5581920444889089",
      "side": "buy",
      "size": "196.86",
      "symbol": "MIGGLES-USDT",
      "takerOrderId": "6740563c0d85530007e318a4",
      "time": "1732269628942000000",
      "tradeId": "5581920444889089",
      "type": "match",
      "time_before_que.put": "10:00:28.990",
      "seconds_from_release": 28.990882,
      "time_after_queue.get": "10:00:28.991"
    }
  },
  {
    "topic": "/market/match:MIGGLES-USDT",
    "type": "message",
    "subject": "trade.l3match",
    "data": {
      "makerOrderId": "6740563c37061e0007086a94",
      "price": "0.16",
      "sequence": "5581920445413377",
      "side": "buy",
      "size": "231.18",
      "symbol": "MIGGLES-USDT",
      "takerOrderId": "6740563c67cdc900070fc673",
      "time": "1732269628943000000",
      "tradeId": "5581920445413377",
      "type": "match",
      "time_before_que.put": "10:00:28.991",
      "seconds_from_release": 28.991185,
      "time_after_queue.get": "10:00:28.991"
    }
  },
  {
    "topic": "/market/match:MIGGLES-USDT",
    "type": "message",
    "subject": "trade.l3match",
    "data": {
      "makerOrderId": "6740563c37061e0007086a94",
      "price": "0.16",
      "sequence": "5581920445544449",
      "side": "buy",
      "size": "59.87",
      "symbol": "MIGGLES-USDT",
      "takerOrderId": "6740563c088f0100076c90f9",
      "time": "1732269628943000000",
      "tradeId": "5581920445544449",
      "type": "match",
      "time_before_que.put": "10:00:28.993",
      "seconds_from_release": 28.993855,
      "time_after_queue.get": "10:00:28.994"
    }
  },
  {
    "topic": "/market/match:MIGGLES-USDT",
    "type": "message",
    "subject": "trade.l3match",
    "data": {
      "makerOrderId": "6740563c37061e0007086a94",
      "price": "0.16",
      "sequence": "5581920459175937",
      "side": "buy",
      "size": "146.74",
      "symbol": "MIGGLES-USDT",
      "takerOrderId": "6740563cdf6f6e00073802f0",
      "time": "1732269628973000000",
      "tradeId": "5581920459175937",
      "type": "match",
      "time_before_que.put": "10:00:29.023",
      "seconds_from_release": 29.023,
      "time_after_queue.get": "10:00:29.023"
    }
  },
  {
    "topic": "/market/match:MIGGLES-USDT",
    "type": "message",
    "subject": "trade.l3match",
    "data": {
      "makerOrderId": "6740563c37061e0007086a94",
      "price": "0.16",
      "sequence": "5581920463108097",
      "side": "buy",
      "size": "3106.32",
      "symbol": "MIGGLES-USDT",
      "takerOrderId": "6740563cf4a7c500075e8209",
      "time": "1732269628983000000",
      "tradeId": "5581920463108097",
      "type": "match",
      "time_before_que.put": "10:00:29.033",
      "seconds_from_release": 29.033754,
      "time_after_queue.get": "10:00:29.034"
    }
  },
  {
    "topic": "/market/match:MIGGLES-USDT",
    "type": "message",
    "subject": "trade.l3match",
    "data": {
      "makerOrderId": "6740563c37061e0007086a94",
      "price": "0.16",
      "sequence": "5581920463239169",
      "side": "buy",
      "size": "553.65",
      "symbol": "MIGGLES-USDT",
      "takerOrderId": "6740563c088f0100076c917b",
      "time": "1732269628983000000",
      "tradeId": "5581920463239169",
      "type": "match",
      "time_before_que.put": "10:00:29.034",
      "seconds_from_release": 29.034023,
      "time_after_queue.get": "10:00:29.034"
    }
  },
  {
    "topic": "/market/match:MIGGLES-USDT",
    "type": "message",
    "subject": "trade.l3match",
    "data": {
      "makerOrderId": "6740563c37061e0007086a94",
      "price": "0.16",
      "sequence": "5581920464943105",
      "side": "buy",
      "size": "463.9",
      "symbol": "MIGGLES-USDT",
      "takerOrderId": "6740563cd52cb80007c1d20c",
      "time": "1732269628987000000",
      "tradeId": "5581920464943105",
      "type": "match",
      "time_before_que.put": "10:00:29.036",
      "seconds_from_release": 29.036332,
      "time_after_queue.get": "10:00:29.036"
    }
  },
  {
    "id": "1732269630723",
    "type": "pong",
    "timestamp": 1732269630759139
  },
  {
    "topic": "/market/match:MIGGLES-USDT",
    "type": "message",
    "subject": "trade.l3match",
    "data": {
      "makerOrderId": "6740563eb7e21a000728847b",
      "price": "0.16",
      "sequence": "5581922649651201",
      "side": "sell",
      "size": "1411.69",
      "symbol": "MIGGLES-USDT",
      "takerOrderId": "67405643f4a7c500075ea3d3",
      "time": "1732269635799000000",
      "tradeId": "5581922649651201",
      "type": "match",
      "time_before_que.put": "10:00:35.851",
      "seconds_from_release": 35.851802,
      "time_after_queue.get": "10:00:35.851"
    }
  },
  {
    "topic": "/market/match:MIGGLES-USDT",
    "type": "message",
    "subject": "trade.l3match",
    "data": {
      "makerOrderId": "67405643f4a7c500075ea3d3",
      "price": "0.16",
      "sequence": "5581922653452289",
      "side": "buy",
      "size": "312.27",
      "symbol": "MIGGLES-USDT",
      "takerOrderId": "67405643df6f6e0007382595",
      "time": "1732269635812000000",
      "tradeId": "5581922653452289",
      "type": "match",
      "time_before_que.put": "10:00:35.861",
      "seconds_from_release": 35.861296,
      "time_after_queue.get": "10:00:35.861"
    }
  },
  {
    "topic": "/market/match:MIGGLES-USDT",
    "type": "message",
    "subject": "trade.l3match",
    "data": {
      "makerOrderId": "67405643f4a7c500075ea3d3",
      "price": "0.16",
      "sequence": "5581922653583361",
      "side": "buy",
      "size": "148.5",
      "symbol": "MIGGLES-USDT",
      "takerOrderId": "67405643f1bf400007586560",
      "time": "1732269635813000000",
      "tradeId": "5581922653583361",
      "type": "match",
      "time_before_que.put": "10:00:35.861",
      "seconds_from_release": 35.861502,
      "time_after_queue.get": "10:00:35.861"
    }
  },
  {
    "topic": "/market/match:MIGGLES-USDT",
    "type": "message",
    "subject": "trade.l3match",
    "data": {
      "makerOrderId": "67405643f4a7c500075ea3d3",
      "price": "0.16",
      "sequence": "5581922657908737",
      "side": "buy",
      "size": "150",
      "symbol": "MIGGLES-USDT",
      "takerOrderId": "67405643c65bf70007f7a583",
      "time": "1732269635824000000",
      "tradeId": "5581922657908737",
      "type": "match",
      "time_before_que.put": "10:00:35.874",
      "seconds_from_release": 35.874257,
      "time_after_queue.get": "10:00:35.874"
    }
  },
  {
    "topic": "/market/match:MIGGLES-USDT",
    "type": "message",
    "subject": "trade.l3match",
    "data": {
      "makerOrderId": "67405643f4a7c500075ea3d3",
      "price": "0.16",
      "sequence": "5581922658039809",
      "side": "buy",
      "size": "150",
      "symbol": "MIGGLES-USDT",
      "takerOrderId": "67405643c65bf70007f7a588",
      "time": "1732269635827000000",
      "tradeId": "5581922658039809",
      "type": "match",
      "time_before_que.put": "10:00:35.874",
      "seconds_from_release": 35.874418,
      "time_after_queue.get": "10:00:35.874"
    }
  },
  {
    "topic": "/market/match:MIGGLES-USDT",
    "type": "message",
    "subject": "trade.l3match",
    "data": {
      "makerOrderId": "67405643f4a7c500075ea3d3",
      "price": "0.16",
      "sequence": "5581922658170881",
      "side": "buy",
      "size": "312.27",
      "symbol": "MIGGLES-USDT",
      "takerOrderId": "67405643cf286a00070369e9",
      "time": "1732269635827000000",
      "tradeId": "5581922658170881",
      "type": "match",
      "time_before_que.put": "10:00:35.874",
      "seconds_from_release": 35.874567,
      "time_after_queue.get": "10:00:35.874"
    }
  },
  {
    "topic": "/market/match:MIGGLES-USDT",
    "type": "message",
    "subject": "trade.l3match",
    "data": {
      "makerOrderId": "67405643f4a7c500075ea3d3",
      "price": "0.16",
      "sequence": "5581922658695169",
      "side": "buy",
      "size": "150",
      "symbol": "MIGGLES-USDT",
      "takerOrderId": "67405643f1bf400007586583",
      "time": "1732269635828000000",
      "tradeId": "5581922658695169",
      "type": "match",
      "time_before_que.put": "10:00:35.874",
      "seconds_from_release": 35.874988,
      "time_after_queue.get": "10:00:35.875"
    }
  },
  {
    "topic": "/market/match:MIGGLES-USDT",
    "type": "message",
    "subject": "trade.l3match",
    "data": {
      "makerOrderId": "67405643f4a7c500075ea3d3",
      "price": "0.16",
      "sequence": "5581922659612673",
      "side": "buy",
      "size": "312.27",
      "symbol": "MIGGLES-USDT",
      "takerOrderId": "6740564367cdc900070fe93a",
      "time": "1732269635830000000",
      "tradeId": "5581922659612673",
      "type": "match",
      "time_before_que.put": "10:00:35.881",
      "seconds_from_release": 35.881901,
      "time_after_queue.get": "10:00:35.882"
    }
  },
  {
    "topic": "/market/match:MIGGLES-USDT",
    "type": "message",
    "subject": "trade.l3match",
    "data": {
      "makerOrderId": "67405643f4a7c500075ea3d3",
      "price": "0.16",
      "sequence": "5581922659743745",
      "side": "buy",
      "size": "150",
      "symbol": "MIGGLES-USDT",
      "takerOrderId": "6740564368486d00074db52c",
      "time": "1732269635830000000",
      "tradeId": "5581922659743745",
      "type": "match",
      "time_before_que.put": "10:00:35.882",
      "seconds_from_release": 35.882283,
      "time_after_queue.get": "10:00:35.883"
    }
  },
  {
    "topic": "/market/match:MIGGLES-USDT",
    "type": "message",
    "subject": "trade.l3match",
    "data": {
      "makerOrderId": "67405643f4a7c500075ea3d3",
      "price": "0.16",
      "sequence": "5581922659874817",
      "side": "buy",
      "size": "150",
      "symbol": "MIGGLES-USDT",
      "takerOrderId": "67405643b7e21a0007289c27",
      "time": "1732269635830000000",
      "tradeId": "5581922659874817",
      "type": "match",
      "time_before_que.put": "10:00:35.882",
      "seconds_from_release": 35.882523,
      "time_after_queue.get": "10:00:35.883"
    }
  },
  {
    "topic": "/market/match:MIGGLES-USDT",
    "type": "message",
    "subject": "trade.l3match",
    "data": {
      "makerOrderId": "67405643f4a7c500075ea3d3",
      "price": "0.16",
      "sequence": "5581922661054465",
      "side": "buy",
      "size": "157.2",
      "symbol": "MIGGLES-USDT",
      "takerOrderId": "674056431586c1000762de64",
      "time": "1732269635832000000",
      "tradeId": "5581922661054465",
      "type": "match",
      "time_before_que.put": "10:00:35.882",
      "seconds_from_release": 35.882696,
      "time_after_queue.get": "10:00:35.883"
    }
  },
  {
    "topic": "/market/match:MIGGLES-USDT",
    "type": "message",
    "subject": "trade.l3match",
    "data": {
      "makerOrderId": "67405643f4a7c500075ea3d3",
      "price": "0.16",
      "sequence": "5581922661185537",
      "side": "buy",
      "size": "150",
      "symbol": "MIGGLES-USDT",
      "takerOrderId": "67405643f1bf400007586587",
      "time": "1732269635832000000",
      "tradeId": "5581922661185537",
      "type": "match",
      "time_before_que.put": "10:00:35.882",
      "seconds_from_release": 35.882854,
      "time_after_queue.get": "10:00:35.883"
    }
  },
  {
    "topic": "/market/match:MIGGLES-USDT",
    "type": "message",
    "subject": "trade.l3match",
    "data": {
      "makerOrderId": "67405643f4a7c500075ea3d3",
      "price": "0.16",
      "sequence": "5581922661316609",
      "side": "buy",
      "size": "312.27",
      "symbol": "MIGGLES-USDT",
      "takerOrderId": "67405643cf286a00070369f9",
      "time": "1732269635832000000",
      "tradeId": "5581922661316609",
      "type": "match",
      "time_before_que.put": "10:00:35.883",
      "seconds_from_release": 35.883005,
      "time_after_queue.get": "10:00:35.883"
    }
  },
  {
    "topic": "/market/match:MIGGLES-USDT",
    "type": "message",
    "subject": "trade.l3match",
    "data": {
      "makerOrderId": "67405643f4a7c500075ea3d3",
      "price": "0.16",
      "sequence": "5581922662103041",
      "side": "buy",
      "size": "320",
      "symbol": "MIGGLES-USDT",
      "takerOrderId": "674056434fe7460007bf0f13",
      "time": "1732269635833000000",
      "tradeId": "5581922662103041",
      "type": "match",
      "time_before_que.put": "10:00:35.883",
      "seconds_from_release": 35.883199,
      "time_after_queue.get": "10:00:35.883"
    }
  },
  {
    "topic": "/market/match:MIGGLES-USDT",
    "type": "message",
    "subject": "trade.l3match",
    "data": {
      "makerOrderId": "67405643f4a7c500075ea3d3",
      "price": "0.16",
      "sequence": "5581922662234113",
      "side": "buy",
      "size": "88.58",
      "symbol": "MIGGLES-USDT",
      "takerOrderId": "67405643f15b27000764fc10",
      "time": "1732269635833000000",
      "tradeId": "5581922662234113",
      "type": "match",
      "time_before_que.put": "10:00:35.883",
      "seconds_from_release": 35.883372,
      "time_after_queue.get": "10:00:35.883"
    }
  },
  {
    "topic": "/market/match:MIGGLES-USDT",
    "type": "message",
    "subject": "trade.l3match",
    "data": {
      "makerOrderId": "67405643f4a7c500075ea3d3",
      "price": "0.16",
      "sequence": "5581922664462337",
      "side": "buy",
      "size": "312.27",
      "symbol": "MIGGLES-USDT",
      "takerOrderId": "67405643f4f12000077d1e2e",
      "time": "1732269635839000000",
      "tradeId": "5581922664462337",
      "type": "match",
      "time_before_que.put": "10:00:35.888",
      "seconds_from_release": 35.888779,
      "time_after_queue.get": "10:00:35.889"
    }
  },
  {
    "topic": "/market/match:MIGGLES-USDT",
    "type": "message",
    "subject": "trade.l3match",
    "data": {
      "makerOrderId": "67405643f4a7c500075ea3d3",
      "price": "0.16",
      "sequence": "5581922664593409",
      "side": "buy",
      "size": "1272.11",
      "symbol": "MIGGLES-USDT",
      "takerOrderId": "674056431586c1000762de73",
      "time": "1732269635839000000",
      "tradeId": "5581922664593409",
      "type": "match",
      "time_before_que.put": "10:00:35.889",
      "seconds_from_release": 35.889072,
      "time_after_queue.get": "10:00:35.889"
    }
  },
  {
    "topic": "/market/match:MIGGLES-USDT",
    "type": "message",
    "subject": "trade.l3match",
    "data": {
      "makerOrderId": "67405643f4a7c500075ea3d3",
      "price": "0.16",
      "sequence": "5581922664724481",
      "side": "buy",
      "size": "2439.42",
      "symbol": "MIGGLES-USDT",
      "takerOrderId": "67405643f15b27000764fc1c",
      "time": "1732269635839000000",
      "tradeId": "5581922664724481",
      "type": "match",
      "time_before_que.put": "10:00:35.889",
      "seconds_from_release": 35.88931,
      "time_after_queue.get": "10:00:35.889"
    }
  },
  {
    "topic": "/market/match:MIGGLES-USDT",
    "type": "message",
    "subject": "trade.l3match",
    "data": {
      "makerOrderId": "67405643f4a7c500075ea3d3",
      "price": "0.16",
      "sequence": "5581922665117697",
      "side": "buy",
      "size": "365.27",
      "symbol": "MIGGLES-USDT",
      "takerOrderId": "6740564368486d00074db540",
      "time": "1732269635840000000",
      "tradeId": "5581922665117697",
      "type": "match",
      "time_before_que.put": "10:00:35.889",
      "seconds_from_release": 35.889424,
      "time_after_queue.get": "10:00:35.889"
    }
  },
  {
    "topic": "/market/match:MIGGLES-USDT",
    "type": "message",
    "subject": "trade.l3match",
    "data": {
      "makerOrderId": "67405643f4a7c500075ea3d3",
      "price": "0.16",
      "sequence": "5581922665248769",
      "side": "buy",
      "size": "53.46",
      "symbol": "MIGGLES-USDT",
      "takerOrderId": "67405643f1bf400007586599",
      "time": "1732269635840000000",
      "tradeId": "5581922665248769",
      "type": "match",
      "time_before_que.put": "10:00:35.889",
      "seconds_from_release": 35.889565,
      "time_after_queue.get": "10:00:35.889"
    }
  },
  {
    "topic": "/market/match:MIGGLES-USDT",
    "type": "message",
    "subject": "trade.l3match",
    "data": {
      "makerOrderId": "67405643f4a7c500075ea3d3",
      "price": "0.16",
      "sequence": "5581922665379841",
      "side": "buy",
      "size": "614.33",
      "symbol": "MIGGLES-USDT",
      "takerOrderId": "6740564337061e0007088f7d",
      "time": "1732269635840000000",
      "tradeId": "5581922665379841",
      "type": "match",
      "time_before_que.put": "10:00:35.889",
      "seconds_from_release": 35.889707,
      "time_after_queue.get": "10:00:35.889"
    }
  },
  {
    "topic": "/market/match:MIGGLES-USDT",
    "type": "message",
    "subject": "trade.l3match",
    "data": {
      "makerOrderId": "6740564368486d00074db596",
      "price": "0.1603",
      "sequence": "5581924036130817",
      "side": "sell",
      "size": "521.33",
      "symbol": "MIGGLES-USDT",
      "takerOrderId": "674056474fe7460007bf2467",
      "time": "1732269639988000000",
      "tradeId": "5581924036130817",
      "type": "match",
      "time_before_que.put": "10:00:40.039",
      "seconds_from_release": 40.039174,
      "time_after_queue.get": "10:00:40.039"
    }
  },
  {
    "topic": "/market/match:MIGGLES-USDT",
    "type": "message",
    "subject": "trade.l3match",
    "data": {
      "makerOrderId": "67405644b7e21a0007289da4",
      "price": "0.1603",
      "sequence": "5581924036130820",
      "side": "sell",
      "size": "265.96",
      "symbol": "MIGGLES-USDT",
      "takerOrderId": "674056474fe7460007bf2467",
      "time": "1732269639988000000",
      "tradeId": "5581924036130820",
      "type": "match",
      "time_before_que.put": "10:00:40.039",
      "seconds_from_release": 40.039375,
      "time_after_queue.get": "10:00:40.039"
    }
  },
  {
    "topic": "/market/match:MIGGLES-USDT",
    "type": "message",
    "subject": "trade.l3match",
    "data": {
      "makerOrderId": "67405643b7e21a0007289c93",
      "price": "0.1602",
      "sequence": "5581924036130823",
      "side": "sell",
      "size": "399.98",
      "symbol": "MIGGLES-USDT",
      "takerOrderId": "674056474fe7460007bf2467",
      "time": "1732269639988000000",
      "tradeId": "5581924036130823",
      "type": "match",
      "time_before_que.put": "10:00:40.039",
      "seconds_from_release": 40.039548,
      "time_after_queue.get": "10:00:40.039"
    }
  },
  {
    "topic": "/market/match:MIGGLES-USDT",
    "type": "message",
    "subject": "trade.l3match",
    "data": {
      "makerOrderId": "67405643f4f12000077d1e75",
      "price": "0.1602",
      "sequence": "5581924036130826",
      "side": "sell",
      "size": "411.32",
      "symbol": "MIGGLES-USDT",
      "takerOrderId": "674056474fe7460007bf2467",
      "time": "1732269639988000000",
      "tradeId": "5581924036130826",
      "type": "match",
      "time_before_que.put": "10:00:40.039",
      "seconds_from_release": 40.039666,
      "time_after_queue.get": "10:00:40.039"
    }
  },
  {
    "topic": "/market/match:MIGGLES-USDT",
    "type": "message",
    "subject": "trade.l3match",
    "data": {
      "makerOrderId": "6740564468486d00074db694",
      "price": "0.1602",
      "sequence": "5581924036130829",
      "side": "sell",
      "size": "89.18",
      "symbol": "MIGGLES-USDT",
      "takerOrderId": "674056474fe7460007bf2467",
      "time": "1732269639988000000",
      "tradeId": "5581924036130829",
      "type": "match",
      "time_before_que.put": "10:00:40.039",
      "seconds_from_release": 40.039753,
      "time_after_queue.get": "10:00:40.039"
    }
  },
  {
    "topic": "/market/match:MIGGLES-USDT",
    "type": "message",
    "subject": "trade.l3match",
    "data": {
      "makerOrderId": "6740564537061e0007089649",
      "price": "0.16",
      "sequence": "5581924036130832",
      "side": "sell",
      "size": "160.61",
      "symbol": "MIGGLES-USDT",
      "takerOrderId": "674056474fe7460007bf2467",
      "time": "1732269639988000000",
      "tradeId": "5581924036130832",
      "type": "match",
      "time_before_que.put": "10:00:40.039",
      "seconds_from_release": 40.039845,
      "time_after_queue.get": "10:00:40.039"
    }
  },
  {
    "topic": "/market/match:MIGGLES-USDT",
    "type": "message",
    "subject": "trade.l3match",
    "data": {
      "makerOrderId": "674056474fe7460007bf2467",
      "price": "0.16",
      "sequence": "5581924040587265",
      "side": "buy",
      "size": "4422.47",
      "symbol": "MIGGLES-USDT",
      "takerOrderId": "67405647f4f12000077d3374",
      "time": "1732269639999000000",
      "tradeId": "5581924040587265",
      "type": "match",
      "time_before_que.put": "10:00:40.047",
      "seconds_from_release": 40.047364,
      "time_after_queue.get": "10:00:40.047"
    }
  },
  {
    "topic": "/market/match:MIGGLES-USDT",
    "type": "message",
    "subject": "trade.l3match",
    "data": {
      "makerOrderId": "674056474fe7460007bf2467",
      "price": "0.16",
      "sequence": "5581924041242625",
      "side": "buy",
      "size": "320.02",
      "symbol": "MIGGLES-USDT",
      "takerOrderId": "67405647c65bf70007f7bade",
      "time": "1732269640001000000",
      "tradeId": "5581924041242625",
      "type": "match",
      "time_before_que.put": "10:00:40.047",
      "seconds_from_release": 40.047495,
      "time_after_queue.get": "10:00:40.047"
    }
  },
  {
    "topic": "/market/match:MIGGLES-USDT",
    "type": "message",
    "subject": "trade.l3match",
    "data": {
      "makerOrderId": "674056474fe7460007bf2467",
      "price": "0.16",
      "sequence": "5581924042291201",
      "side": "buy",
      "size": "73.05",
      "symbol": "MIGGLES-USDT",
      "takerOrderId": "6740564831d0950007ef858e",
      "time": "1732269640005000000",
      "tradeId": "5581924042291201",
      "type": "match",
      "time_before_que.put": "10:00:40.052",
      "seconds_from_release": 40.052026,
      "time_after_queue.get": "10:00:40.052"
    }
  },
  {
    "topic": "/market/match:MIGGLES-USDT",
    "type": "message",
    "subject": "trade.l3match",
    "data": {
      "makerOrderId": "674056474fe7460007bf2467",
      "price": "0.16",
      "sequence": "5581924047271937",
      "side": "buy",
      "size": "150",
      "symbol": "MIGGLES-USDT",
      "takerOrderId": "6740564831d0950007ef859c",
      "time": "1732269640013000000",
      "tradeId": "5581924047271937",
      "type": "match",
      "time_before_que.put": "10:00:40.069",
      "seconds_from_release": 40.06935,
      "time_after_queue.get": "10:00:40.069"
    }
  },
  {
    "topic": "/market/match:MIGGLES-USDT",
    "type": "message",
    "subject": "trade.l3match",
    "data": {
      "makerOrderId": "674056474fe7460007bf2467",
      "price": "0.16",
      "sequence": "5581924047403009",
      "side": "buy",
      "size": "275.02",
      "symbol": "MIGGLES-USDT",
      "takerOrderId": "67405648d52cb80007c209e1",
      "time": "1732269640013000000",
      "tradeId": "5581924047403009",
      "type": "match",
      "time_before_que.put": "10:00:40.069",
      "seconds_from_release": 40.069927,
      "time_after_queue.get": "10:00:40.070"
    }
  },
  {
    "topic": "/market/match:MIGGLES-USDT",
    "type": "message",
    "subject": "trade.l3match",
    "data": {
      "makerOrderId": "674056474fe7460007bf2467",
      "price": "0.16",
      "sequence": "5581924047796225",
      "side": "buy",
      "size": "3115.26",
      "symbol": "MIGGLES-USDT",
      "takerOrderId": "67405648df6f6e0007383b2a",
      "time": "1732269640015000000",
      "tradeId": "5581924047796225",
      "type": "match",
      "time_before_que.put": "10:00:40.070",
      "seconds_from_release": 40.070039,
      "time_after_queue.get": "10:00:40.070"
    }
  },
  {
    "topic": "/market/match:MIGGLES-USDT",
    "type": "message",
    "subject": "trade.l3match",
    "data": {
      "makerOrderId": "674056474fe7460007bf2467",
      "price": "0.16",
      "sequence": "5581924047927297",
      "side": "buy",
      "size": "3289.3",
      "symbol": "MIGGLES-USDT",
      "takerOrderId": "67405648088f0100076cc98d",
      "time": "1732269640015000000",
      "tradeId": "5581924047927297",
      "type": "match",
      "time_before_que.put": "10:00:40.070",
      "seconds_from_release": 40.070127,
      "time_after_queue.get": "10:00:40.070"
    }
  },
  {
    "topic": "/market/match:MIGGLES-USDT",
    "type": "message",
    "subject": "trade.l3match",
    "data": {
      "makerOrderId": "674056474fe7460007bf2467",
      "price": "0.16",
      "sequence": "5581924048058369",
      "side": "buy",
      "size": "147.37",
      "symbol": "MIGGLES-USDT",
      "takerOrderId": "6740564837061e000708a4ab",
      "time": "1732269640015000000",
      "tradeId": "5581924048058369",
      "type": "match",
      "time_before_que.put": "10:00:40.070",
      "seconds_from_release": 40.070229,
      "time_after_queue.get": "10:00:40.070"
    }
  },
  {
    "topic": "/market/match:MIGGLES-USDT",
    "type": "message",
    "subject": "trade.l3match",
    "data": {
      "makerOrderId": "674056474fe7460007bf2467",
      "price": "0.16",
      "sequence": "5581924048189441",
      "side": "buy",
      "size": "4422.47",
      "symbol": "MIGGLES-USDT",
      "takerOrderId": "67405648d52cb80007c209e7",
      "time": "1732269640015000000",
      "tradeId": "5581924048189441",
      "type": "match",
      "time_before_que.put": "10:00:40.070",
      "seconds_from_release": 40.070329,
      "time_after_queue.get": "10:00:40.070"
    }
  },
  {
    "topic": "/market/match:MIGGLES-USDT",
    "type": "message",
    "subject": "trade.l3match",
    "data": {
      "makerOrderId": "674056474fe7460007bf2467",
      "price": "0.16",
      "sequence": "5581924049238017",
      "side": "buy",
      "size": "563.91",
      "symbol": "MIGGLES-USDT",
      "takerOrderId": "674056486967d30007c800d3",
      "time": "1732269640016000000",
      "tradeId": "5581924049238017",
      "type": "match",
      "time_before_que.put": "10:00:40.070",
      "seconds_from_release": 40.070429,
      "time_after_queue.get": "10:00:40.070"
    }
  },
  {
    "topic": "/market/match:MIGGLES-USDT",
    "type": "message",
    "subject": "trade.l3match",
    "data": {
      "makerOrderId": "674056474fe7460007bf2467",
      "price": "0.16",
      "sequence": "5581924049369089",
      "side": "buy",
      "size": "150",
      "symbol": "MIGGLES-USDT",
      "takerOrderId": "674056481586c1000762f3af",
      "time": "1732269640016000000",
      "tradeId": "5581924049369089",
      "type": "match",
      "time_before_que.put": "10:00:40.070",
      "seconds_from_release": 40.07059,
      "time_after_queue.get": "10:00:40.070"
    }
  },
  {
    "topic": "/market/match:MIGGLES-USDT",
    "type": "message",
    "subject": "trade.l3match",
    "data": {
      "makerOrderId": "674056474fe7460007bf2467",
      "price": "0.16",
      "sequence": "5581924050024449",
      "side": "buy",
      "size": "475.66",
      "symbol": "MIGGLES-USDT",
      "takerOrderId": "67405648c65bf70007f7baff",
      "time": "1732269640018000000",
      "tradeId": "5581924050024449",
      "type": "match",
      "time_before_que.put": "10:00:40.070",
      "seconds_from_release": 40.070704,
      "time_after_queue.get": "10:00:40.070"
    }
  },
  {
    "topic": "/market/match:MIGGLES-USDT",
    "type": "message",
    "subject": "trade.l3match",
    "data": {
      "makerOrderId": "674056474fe7460007bf2467",
      "price": "0.16",
      "sequence": "5581924050155521",
      "side": "buy",
      "size": "64.93",
      "symbol": "MIGGLES-USDT",
      "takerOrderId": "67405648f1bf400007587b77",
      "time": "1732269640018000000",
      "tradeId": "5581924050155521",
      "type": "match",
      "time_before_que.put": "10:00:40.070",
      "seconds_from_release": 40.070815,
      "time_after_queue.get": "10:00:40.070"
    }
  },
  {
    "topic": "/market/match:MIGGLES-USDT",
    "type": "message",
    "subject": "trade.l3match",
    "data": {
      "makerOrderId": "674056474fe7460007bf2467",
      "price": "0.16",
      "sequence": "5581924050417665",
      "side": "buy",
      "size": "665.85",
      "symbol": "MIGGLES-USDT",
      "takerOrderId": "674056486967d30007c800df",
      "time": "1732269640019000000",
      "tradeId": "5581924050417665",
      "type": "match",
      "time_before_que.put": "10:00:40.075",
      "seconds_from_release": 40.075189,
      "time_after_queue.get": "10:00:40.075"
    }
  },
  {
    "id": "1732269650724",
    "type": "pong",
    "timestamp": 1732269650760478
  },
  {
    "topic": "/market/match:MIGGLES-USDT",
    "type": "message",
    "subject": "trade.l3match",
    "data": {
      "makerOrderId": "6740564bf1bf400007588f2d",
      "price": "0.16",
      "sequence": "5581927675213825",
      "side": "sell",
      "size": "56.21",
      "symbol": "MIGGLES-USDT",
      "takerOrderId": "67405653d52cb80007c24542",
      "time": "1732269651039000000",
      "tradeId": "5581927675213825",
      "type": "match",
      "time_before_que.put": "10:00:51.090",
      "seconds_from_release": 51.090229,
      "time_after_queue.get": "10:00:51.090"
    }
  },
  {
    "topic": "/market/match:MIGGLES-USDT",
    "type": "message",
    "subject": "trade.l3match",
    "data": {
      "makerOrderId": "67405653d52cb80007c24542",
      "price": "0.16",
      "sequence": "5581927683471361",
      "side": "buy",
      "size": "52.6",
      "symbol": "MIGGLES-USDT",
      "takerOrderId": "67405653088f0100076d058f",
      "time": "1732269651077000000",
      "tradeId": "5581927683471361",
      "type": "match",
      "time_before_que.put": "10:00:51.126",
      "seconds_from_release": 51.126367,
      "time_after_queue.get": "10:00:51.126"
    }
  },
  {
    "topic": "/market/match:MIGGLES-USDT",
    "type": "message",
    "subject": "trade.l3match",
    "data": {
      "makerOrderId": "67405653d52cb80007c24542",
      "price": "0.16",
      "sequence": "5581927687796737",
      "side": "buy",
      "size": "61.67",
      "symbol": "MIGGLES-USDT",
      "takerOrderId": "6740565337061e000708e0e6",
      "time": "1732269651097000000",
      "tradeId": "5581927687796737",
      "type": "match",
      "time_before_que.put": "10:00:51.147",
      "seconds_from_release": 51.147693,
      "time_after_queue.get": "10:00:51.147"
    }
  },
  {
    "topic": "/market/match:MIGGLES-USDT",
    "type": "message",
