{
  "metadata": {
    "symbol": "BTC",
    "channel": "match",
    "start_time": "14:08:05.9733",
    "release_time": "14:08:08.9733",
    "end_time": "14:08:38.9733",
    "total_messages": 115,
    "final_snapshot": {
      "time": "14:08:36.2190",
      "symbol": "BTC-USDT",
      "price_high": "99595",
      "price_last": "98555.7",
      "price_low": "97017.5",
      "price_avg": "98197.50976723",
      "volValue_USDT": "251653244.642567112"
    }
  },
  "data": [
    {
      "makerOrderId": "6741e1c4df6f6e0007be1a9d",
      "price": "98547.8",
      "sequence": "11568010759127041",
      "side": "sell",
      "size": "0.00005622",
      "symbol": "BTC-USDT",
      "takerOrderId": "6741e1c66967d300074e1096",
      "time": "1732370886457000000",
      "tradeId": "11568010759127041",
      "type": "match",
      "time_received": "14:08:06.5056"
    },
    {
      "makerOrderId": "6741e1a037061e00078d7678",
      "price": "98545.2",
      "sequence": "11568011046830081",
      "side": "sell",
      "size": "0.00033",
      "symbol": "BTC-USDT",
      "takerOrderId": "6741e1c7ae93cc000712d8ba",
      "time": "1732370887285000000",
      "tradeId": "11568011046830081",
      "type": "match",
      "time_received": "14:08:07.3331"
    },
    {
      "makerOrderId": "6741e1c7f4f120000703370f",
      "price": "98541",
      "sequence": "11568011046830084",
      "side": "sell",
      "size": "0.0120296",
      "symbol": "BTC-USDT",
      "takerOrderId": "6741e1c7ae93cc000712d8ba",
      "time": "1732370887285000000",
      "tradeId": "11568011046830084",
      "type": "match",
      "time_received": "14:08:07.3332"
    },
    {
      "makerOrderId": "6741e1c7f1bf400007de8d84",
      "price": "98540.9",
      "sequence": "11568011046830087",
      "side": "sell",
      "size": "0.0000166",
      "symbol": "BTC-USDT",
      "takerOrderId": "6741e1c7ae93cc000712d8ba",
      "time": "1732370887285000000",
      "tradeId": "11568011046830087",
      "type": "match",
      "time_received": "14:08:07.3333"
    },
    {
      "makerOrderId": "6741e1c731d0950007758083",
      "price": "98540.6",
      "sequence": "11568011046830090",
      "side": "sell",
      "size": "0.00010145",
      "symbol": "BTC-USDT",
      "takerOrderId": "6741e1c7ae93cc000712d8ba",
      "time": "1732370887285000000",
      "tradeId": "11568011046830090",
      "type": "match",
      "time_received": "14:08:07.3333"
    },
    {
      "makerOrderId": "6741e1c5f1bf400007de8088",
      "price": "98540.5",
      "sequence": "11568011127177217",
      "side": "sell",
      "size": "0.00009299",
      "symbol": "BTC-USDT",
      "takerOrderId": "6741e1c731d095000775832f",
      "time": "1732370887404000000",
      "tradeId": "11568011127177217",
      "type": "match",
      "time_received": "14:08:07.4497"
    },
    {
      "makerOrderId": "6741e1c7ae93cc000712d8ba",
      "price": "98540.6",
      "sequence": "11568011416190977",
      "side": "buy",
      "size": "0.02030635",
      "symbol": "BTC-USDT",
      "takerOrderId": "6741e1c837061e00078ea9df",
      "time": "1732370888099000000",
      "tradeId": "11568011416190977",
      "type": "match",
      "time_received": "14:08:08.1471"
    },
    {
      "makerOrderId": "6741e1c7ae93cc000712d8ba",
      "price": "98540.6",
      "sequence": "11568011554471937",
      "side": "buy",
      "size": "0.00040585",
      "symbol": "BTC-USDT",
      "takerOrderId": "6741e1c868486d0007d3fea9",
      "time": "1732370888716000000",
      "tradeId": "11568011554471937",
      "type": "match",
      "time_received": "14:08:08.7656"
    },
    {
      "makerOrderId": "6741e1c7ae93cc000712d8ba",
      "price": "98540.6",
      "sequence": "11568011604934657",
      "side": "buy",
      "size": "0.00002925",
      "symbol": "BTC-USDT",
      "takerOrderId": "6741e1c837061e00078eafad",
      "time": "1732370888974000000",
      "tradeId": "11568011604934657",
      "type": "match",
      "time_received": "14:08:09.0217"
    },
    {
      "makerOrderId": "6741e1c7ae93cc000712d8ba",
      "price": "98540.6",
      "sequence": "11568011655135233",
      "side": "buy",
      "size": "0.00011066",
      "symbol": "BTC-USDT",
      "takerOrderId": "6741e1c9ae93cc000712e80c",
      "time": "1732370889274000000",
      "tradeId": "11568011655135233",
      "type": "match",
      "time_received": "14:08:09.3489"
    },
    {
      "makerOrderId": "6741e1c7ae93cc000712d8ba",
      "price": "98540.6",
      "sequence": "11568011672829953",
      "side": "buy",
      "size": "0.00001415",
      "symbol": "BTC-USDT",
      "takerOrderId": "6741e1c9d52cb80007486011",
      "time": "1732370889374000000",
      "tradeId": "11568011672829953",
      "type": "match",
      "time_received": "14:08:09.4234"
    },
    {
      "makerOrderId": "6741e1c7ae93cc000712d8ba",
      "price": "98540.6",
      "sequence": "11568011713331201",
      "side": "buy",
      "size": "0.00003712",
      "symbol": "BTC-USDT",
      "takerOrderId": "6741e1c96967d300074e27c8",
      "time": "1732370889533000000",
      "tradeId": "11568011713331201",
      "type": "match",
      "time_received": "14:08:09.5816"
    },
    {
      "makerOrderId": "6741e1c7ae93cc000712d8ba",
      "price": "98540.6",
      "sequence": "11568011713462273",
      "side": "buy",
      "size": "0.00001336",
      "symbol": "BTC-USDT",
      "takerOrderId": "6741e1c9f15b270007eb08ed",
      "time": "1732370889534000000",
      "tradeId": "11568011713462273",
      "type": "match",
      "time_received": "14:08:09.5817"
    },
    {
      "makerOrderId": "6741e1c5f1bf400007de8088",
      "price": "98540.5",
      "sequence": "11568012508807169",
      "side": "sell",
      "size": "0.00062175",
      "symbol": "BTC-USDT",
      "takerOrderId": "6741e1cbf4a7c50007e4e0b4",
      "time": "1732370891732000000",
      "tradeId": "11568012508807169",
      "type": "match",
      "time_received": "14:08:11.7845"
    },
    {
      "makerOrderId": "6741e1c7f15b270007eaf85a",
      "price": "98540.5",
      "sequence": "11568012508807172",
      "side": "sell",
      "size": "0.00445284",
      "symbol": "BTC-USDT",
      "takerOrderId": "6741e1cbf4a7c50007e4e0b4",
      "time": "1732370891732000000",
      "tradeId": "11568012508807172",
      "type": "match",
      "time_received": "14:08:11.7846"
    },
    {
      "makerOrderId": "6741e1cb088f010007f2d3b2",
      "price": "98540.5",
      "sequence": "11568012653510657",
      "side": "sell",
      "size": "0.00141849",
      "symbol": "BTC-USDT",
      "takerOrderId": "6741e1cc37061e00078ec9da",
      "time": "1732370892231000000",
      "tradeId": "11568012653510657",
      "type": "match",
      "time_received": "14:08:12.3195"
    },
    {
      "makerOrderId": "6741e1cccf286a00078999fc",
      "price": "98540.5",
      "sequence": "11568012653510660",
      "side": "sell",
      "size": "0.05946235",
      "symbol": "BTC-USDT",
      "takerOrderId": "6741e1cc37061e00078ec9da",
      "time": "1732370892231000000",
      "tradeId": "11568012653510660",
      "type": "match",
      "time_received": "14:08:12.3196"
    },
    {
      "makerOrderId": "6741e1cccf286a00078999fc",
      "price": "98540.5",
      "sequence": "11568012653772801",
      "side": "sell",
      "size": "0.00141849",
      "symbol": "BTC-USDT",
      "takerOrderId": "6741e1cc67cdc900079630e8",
      "time": "1732370892232000000",
      "tradeId": "11568012653772801",
      "type": "match",
      "time_received": "14:08:12.3196"
    },
    {
      "makerOrderId": "6741e1cc6967d300074e3f63",
      "price": "98534.5",
      "sequence": "11568012854968321",
      "side": "buy",
      "size": "0.00006681",
      "symbol": "BTC-USDT",
      "takerOrderId": "6741e1ccae93cc0007130516",
      "time": "1732370892950000000",
      "tradeId": "11568012854968321",
      "type": "match",
      "time_received": "14:08:12.9998"
    },
    {
      "makerOrderId": "6741e1cb67cdc90007962a10",
      "price": "98534.4",
      "sequence": "11568012907921409",
      "side": "sell",
      "size": "0.001933",
      "symbol": "BTC-USDT",
      "takerOrderId": "6741e1cd1586c10007e8ff57",
      "time": "1732370893149000000",
      "tradeId": "11568012907921409",
      "type": "match",
      "time_received": "14:08:13.1948"
    },
    {
      "makerOrderId": "6741e1cc6967d300074e3f63",
      "price": "98534.5",
      "sequence": "11568012975947777",
      "side": "buy",
      "size": "0.0000334",
      "symbol": "BTC-USDT",
      "takerOrderId": "6741e1cddf6f6e0007be5a44",
      "time": "1732370893419000000",
      "tradeId": "11568012975947777",
      "type": "match",
      "time_received": "14:08:13.4674"
    },
    {
      "makerOrderId": "6741e1cc6967d300074e3f63",
      "price": "98534.5",
      "sequence": "11568013001900033",
      "side": "buy",
      "size": "0.00197782",
      "symbol": "BTC-USDT",
      "takerOrderId": "6741e1cdc5ba740007d2cb20",
      "time": "1732370893533000000",
      "tradeId": "11568013001900033",
      "type": "match",
      "time_received": "14:08:13.5824"
    },
    {
      "makerOrderId": "6741e1ccdf6f6e0007be526b",
      "price": "98534.5",
      "sequence": "11568013001900036",
      "side": "buy",
      "size": "0.01039357",
      "symbol": "BTC-USDT",
      "takerOrderId": "6741e1cdc5ba740007d2cb20",
      "time": "1732370893533000000",
      "tradeId": "11568013001900036",
      "type": "match",
      "time_received": "14:08:13.5825"
    },
    {
      "makerOrderId": "6741e1ccc5ba740007d2c321",
      "price": "98534.5",
      "sequence": "11568013001900039",
      "side": "buy",
      "size": "0.03994934",
      "symbol": "BTC-USDT",
      "takerOrderId": "6741e1cdc5ba740007d2cb20",
      "time": "1732370893533000000",
      "tradeId": "11568013001900039",
      "type": "match",
      "time_received": "14:08:13.5825"
    },
    {
      "makerOrderId": "6741e1ccc5ba740007d2c321",
      "price": "98534.5",
      "sequence": "11568013104136193",
      "side": "buy",
      "size": "0.00020275",
      "symbol": "BTC-USDT",
      "takerOrderId": "6741e1cdc5ba740007d2cd8b",
      "time": "1732370893905000000",
      "tradeId": "11568013104136193",
      "type": "match",
      "time_received": "14:08:13.9537"
    },
    {
      "makerOrderId": "6741e1cb67cdc90007962a10",
      "price": "98534.4",
      "sequence": "11568013298909185",
      "side": "sell",
      "size": "0.02030635",
      "symbol": "BTC-USDT",
      "takerOrderId": "6741e1ce68486d0007d42a3a",
      "time": "1732370894619000000",
      "tradeId": "11568013298909185",
      "type": "match",
      "time_received": "14:08:14.6687"
    },
    {
      "makerOrderId": "6741e1cb67cdc90007962a10",
      "price": "98534.4",
      "sequence": "11568014065287169",
      "side": "sell",
      "size": "0.00004059",
      "symbol": "BTC-USDT",
      "takerOrderId": "6741e1d10d8553000769f371",
      "time": "1732370897095000000",
      "tradeId": "11568014065287169",
      "type": "match",
      "time_received": "14:08:17.1438"
    },
    {
      "makerOrderId": "6741e1cc31d095000775a9c3",
      "price": "98534.5",
      "sequence": "11568014070792193",
      "side": "buy",
      "size": "0.00002142",
      "symbol": "BTC-USDT",
      "takerOrderId": "6741e1d1088f010007f2f6c5",
      "time": "1732370897120000000",
      "tradeId": "11568014070792193",
      "type": "match",
      "time_received": "14:08:17.1682"
    },
    {
      "makerOrderId": "6741e1cc31d095000775a9c3",
      "price": "98534.5",
      "sequence": "11568014133182465",
      "side": "buy",
      "size": "0.00060884",
      "symbol": "BTC-USDT",
      "takerOrderId": "6741e1d1f4f1200007038061",
      "time": "1732370897370000000",
      "tradeId": "11568014133182465",
      "type": "match",
      "time_received": "14:08:17.4173"
    },
    {
      "makerOrderId": "6741e1cc31d095000775a9c3",
      "price": "98534.5",
      "sequence": "11568014250754049",
      "side": "buy",
      "size": "0.0203076",
      "symbol": "BTC-USDT",
      "takerOrderId": "6741e1d10d8553000769f826",
      "time": "1732370897861000000",
      "tradeId": "11568014250754049",
      "type": "match",
      "time_received": "14:08:17.9130"
    },
    {
      "makerOrderId": "6741e1cc31d095000775a9c3",
      "price": "98534.5",
      "sequence": "11568014506606593",
      "side": "buy",
      "size": "0.00051005",
      "symbol": "BTC-USDT",
      "takerOrderId": "6741e1d237061e00078ef4a2",
      "time": "1732370898942000000",
      "tradeId": "11568014506606593",
      "type": "match",
      "time_received": "14:08:18.9895"
    },
    {
      "makerOrderId": "6741e1cc31d095000775a9c3",
      "price": "98534.5",
      "sequence": "11568014530199553",
      "side": "buy",
      "size": "0.00002916",
      "symbol": "BTC-USDT",
      "takerOrderId": "6741e1d3088f010007f3027f",
      "time": "1732370899032000000",
      "tradeId": "11568014530199553",
      "type": "match",
      "time_received": "14:08:19.0810"
    },
    {
      "makerOrderId": "6741e1cc31d095000775a9c3",
      "price": "98534.5",
      "sequence": "11568014904147969",
      "side": "buy",
      "size": "0.00086099",
      "symbol": "BTC-USDT",
      "takerOrderId": "6741e1d4ae93cc000713339c",
      "time": "1732370900148000000",
      "tradeId": "11568014904147969",
      "type": "match",
      "time_received": "14:08:20.1972"
    },
    {
      "makerOrderId": "6741e1cc31d095000775a9c3",
      "price": "98534.5",
      "sequence": "11568014927740929",
      "side": "buy",
      "size": "0.0114572",
      "symbol": "BTC-USDT",
      "takerOrderId": "6741e1d4f15b270007eb52ed",
      "time": "1732370900233000000",
      "tradeId": "11568014927740929",
      "type": "match",
      "time_received": "14:08:20.2783"
    },
    {
      "makerOrderId": "6741e1d46967d300074e72bc",
      "price": "98535.8",
      "sequence": "11568015193292801",
      "side": "buy",
      "size": "0.00011168",
      "symbol": "BTC-USDT",
      "takerOrderId": "6741e1d40d855300076a0cfb",
      "time": "1732370900922000000",
      "tradeId": "11568015193292801",
      "type": "match",
      "time_received": "14:08:20.9700"
    },
    {
      "makerOrderId": "6741e1d46967d300074e72bc",
      "price": "98535.8",
      "sequence": "11568015196307457",
      "side": "buy",
      "size": "0.00001932",
      "symbol": "BTC-USDT",
      "takerOrderId": "6741e1d4d52cb8000748b119",
      "time": "1732370900931000000",
      "tradeId": "11568015196307457",
      "type": "match",
      "time_received": "14:08:20.9797"
    },
    {
      "makerOrderId": "6741e1d468486d0007d452ad",
      "price": "98537.7",
      "sequence": "11568015263940609",
      "side": "buy",
      "size": "0.00004624",
      "symbol": "BTC-USDT",
      "takerOrderId": "6741e1d568486d0007d454c0",
      "time": "1732370901046000000",
      "tradeId": "11568015263940609",
      "type": "match",
      "time_received": "14:08:21.0939"
    },
    {
      "makerOrderId": "6741e1d468486d0007d452ad",
      "price": "98537.7",
      "sequence": "11568015269183489",
      "side": "buy",
      "size": "0.00005491",
      "symbol": "BTC-USDT",
      "takerOrderId": "6741e1d5df6f6e0007be8d4c",
      "time": "1732370901051000000",
      "tradeId": "11568015269183489",
      "type": "match",
      "time_received": "14:08:21.1061"
    },
    {
      "makerOrderId": "6741e1d468486d0007d452ad",
      "price": "98537.7",
      "sequence": "11568015299592193",
      "side": "buy",
      "size": "0.00002957",
      "symbol": "BTC-USDT",
      "takerOrderId": "6741e1d5f4a7c50007e51ec2",
      "time": "1732370901101000000",
      "tradeId": "11568015299592193",
      "type": "match",
      "time_received": "14:08:21.1455"
    },
    {
      "makerOrderId": "6741e1d468486d0007d452ad",
      "price": "98537.7",
      "sequence": "11568015309422593",
      "side": "buy",
      "size": "0.00001053",
      "symbol": "BTC-USDT",
      "takerOrderId": "6741e1d5c5ba740007d2fd1e",
      "time": "1732370901128000000",
      "tradeId": "11568015309422593",
      "type": "match",
      "time_received": "14:08:21.1732"
    },
    {
      "makerOrderId": "6741e1d468486d0007d452ad",
      "price": "98537.7",
      "sequence": "11568015326199809",
      "side": "buy",
      "size": "0.00001562",
      "symbol": "BTC-USDT",
      "takerOrderId": "6741e1d531d095000775e45d",
      "time": "1732370901175000000",
      "tradeId": "11568015326199809",
      "type": "match",
      "time_received": "14:08:21.2253"
    },
    {
      "makerOrderId": "6741e1d468486d0007d452ad",
      "price": "98537.7",
      "sequence": "11568015338258433",
      "side": "buy",
      "size": "0.00001813",
      "symbol": "BTC-USDT",
      "takerOrderId": "6741e1d531d095000775e4a9",
      "time": "1732370901215000000",
      "tradeId": "11568015338258433",
      "type": "match",
      "time_received": "14:08:21.2621"
    },
    {
      "makerOrderId": "6741e1d50d855300076a0ea3",
      "price": "98537.6",
      "sequence": "11568015347826689",
      "side": "sell",
      "size": "0.0203076",
      "symbol": "BTC-USDT",
      "takerOrderId": "6741e1d56967d300074e7a92",
      "time": "1732370901255000000",
      "tradeId": "11568015347826689",
      "type": "match",
      "time_received": "14:08:21.3005"
    },
    {
      "makerOrderId": "6741e1d468486d0007d452ad",
      "price": "98537.7",
      "sequence": "11568015349661697",
      "side": "buy",
      "size": "0.00007914",
      "symbol": "BTC-USDT",
      "takerOrderId": "6741e1d5f4a7c50007e51fe1",
      "time": "1732370901260000000",
      "tradeId": "11568015349661697",
      "type": "match",
      "time_received": "14:08:21.3081"
    },
    {
      "makerOrderId": "6741e1ccae93cc000713014c",
      "price": "98540.5",
      "sequence": "11568015622684673",
      "side": "buy",
      "size": "0.00141851",
      "symbol": "BTC-USDT",
      "takerOrderId": "6741e1d6ae93cc00071341d3",
      "time": "1732370902193000000",
      "tradeId": "11568015622684673",
      "type": "match",
      "time_received": "14:08:22.2406"
    },
    {
      "makerOrderId": "6741e1d6f1bf400007def7f8",
      "price": "98548.7",
      "sequence": "11568015859007489",
      "side": "buy",
      "size": "0.01339004",
      "symbol": "BTC-USDT",
      "takerOrderId": "6741e1d667cdc900079676f6",
      "time": "1732370902683000000",
      "tradeId": "11568015859007489",
      "type": "match",
      "time_received": "14:08:22.7337"
    },
    {
      "makerOrderId": "6741e1d6cf286a000789dbac",
      "price": "98548.7",
      "sequence": "11568015859007492",
      "side": "buy",
      "size": "0.00069493",
      "symbol": "BTC-USDT",
      "takerOrderId": "6741e1d667cdc900079676f6",
      "time": "1732370902683000000",
      "tradeId": "11568015859007492",
      "type": "match",
      "time_received": "14:08:22.7337"
    },
    {
      "makerOrderId": "6741e1d6df6f6e0007be9861",
      "price": "98548.7",
      "sequence": "11568015859007495",
      "side": "buy",
      "size": "0.00102586",
      "symbol": "BTC-USDT",
      "takerOrderId": "6741e1d667cdc900079676f6",
      "time": "1732370902683000000",
      "tradeId": "11568015859007495",
      "type": "match",
      "time_received": "14:08:22.7337"
    },
    {
      "makerOrderId": "6741e1d667cdc900079676f6",
      "price": "98548.8",
      "sequence": "11568016273719297",
      "side": "sell",
      "size": "0.00014085",
      "symbol": "BTC-USDT",
      "takerOrderId": "6741e1d857ab330006a9b671",
      "time": "1732370904186000000",
      "tradeId": "11568016273719297",
      "type": "match",
      "time_received": "14:08:24.2302"
    },
    {
      "makerOrderId": "6741e1d667cdc900079676f6",
      "price": "98548.8",
      "sequence": "11568016308322305",
      "side": "sell",
      "size": "0.00031477",
      "symbol": "BTC-USDT",
      "takerOrderId": "6741e1d8f1bf400007df06de",
      "time": "1732370904372000000",
      "tradeId": "11568016308322305",
      "type": "match",
      "time_received": "14:08:24.4147"
    },
    {
      "makerOrderId": "6741e1d667cdc900079676f6",
      "price": "98548.8",
      "sequence": "11568016314482689",
      "side": "sell",
      "size": "0.0002951",
      "symbol": "BTC-USDT",
      "takerOrderId": "6741e1d80d855300076a2559",
      "time": "1732370904396000000",
      "tradeId": "11568016314482689",
      "type": "match",
      "time_received": "14:08:24.4446"
    },
    {
      "makerOrderId": "6741e1d667cdc900079676f6",
      "price": "98548.8",
      "sequence": "11568016319987713",
      "side": "sell",
      "size": "0.00030496",
      "symbol": "BTC-USDT",
      "takerOrderId": "6741e1d8f1bf400007df073c",
      "time": "1732370904419000000",
      "tradeId": "11568016319987713",
      "type": "match",
      "time_received": "14:08:24.4638"
    },
    {
      "makerOrderId": "6741e1d667cdc900079676f6",
      "price": "98548.8",
      "sequence": "11568016324575233",
      "side": "sell",
      "size": "0.00031481",
      "symbol": "BTC-USDT",
      "takerOrderId": "6741e1d8f4a7c50007e53486",
      "time": "1732370904435000000",
      "tradeId": "11568016324575233",
      "type": "match",
      "time_received": "14:08:24.4826"
    },
    {
      "makerOrderId": "6741e1d667cdc900079676f6",
      "price": "98548.8",
      "sequence": "11568016327983105",
      "side": "sell",
      "size": "0.0003148",
      "symbol": "BTC-USDT",
      "takerOrderId": "6741e1d84fe7460007457abd",
      "time": "1732370904448000000",
      "tradeId": "11568016327983105",
      "type": "match",
      "time_received": "14:08:24.4979"
    },
    {
      "makerOrderId": "6741e1d667cdc900079676f6",
      "price": "98548.8",
      "sequence": "11568016336109569",
      "side": "sell",
      "size": "0.00030552",
      "symbol": "BTC-USDT",
      "takerOrderId": "6741e1d868486d0007d46ba8",
      "time": "1732370904475000000",
      "tradeId": "11568016336109569",
      "type": "match",
      "time_received": "14:08:24.5199"
    },
    {
      "makerOrderId": "6741e1d667cdc900079676f6",
      "price": "98548.8",
      "sequence": "11568016344498177",
      "side": "sell",
      "size": "0.00031476",
      "symbol": "BTC-USDT",
      "takerOrderId": "6741e1d8c65bf700077e263e",
      "time": "1732370904506000000",
      "tradeId": "11568016344498177",
      "type": "match",
      "time_received": "14:08:24.5539"
    },
    {
      "makerOrderId": "6741e1d667cdc900079676f6",
      "price": "98548.8",
      "sequence": "11568016357736449",
      "side": "sell",
      "size": "0.00030496",
      "symbol": "BTC-USDT",
      "takerOrderId": "6741e1d80d855300076a265f",
      "time": "1732370904562000000",
      "tradeId": "11568016357736449",
      "type": "match",
      "time_received": "14:08:24.6108"
    },
    {
      "makerOrderId": "6741e1d667cdc900079676f6",
      "price": "98548.8",
      "sequence": "11568016392339457",
      "side": "sell",
      "size": "0.0002951",
      "symbol": "BTC-USDT",
      "takerOrderId": "6741e1d81586c10007e94aff",
      "time": "1732370904684000000",
      "tradeId": "11568016392339457",
      "type": "match",
      "time_received": "14:08:24.7279"
    },
    {
      "makerOrderId": "6741e1d667cdc900079676f6",
      "price": "98548.8",
      "sequence": "11568016403480577",
      "side": "sell",
      "size": "0.00031478",
      "symbol": "BTC-USDT",
      "takerOrderId": "6741e1d8cf286a000789ec3e",
      "time": "1732370904721000000",
      "tradeId": "11568016403480577",
      "type": "match",
      "time_received": "14:08:24.7664"
    },
    {
      "makerOrderId": "6741e1d667cdc900079676f6",
      "price": "98548.8",
      "sequence": "11568016407543809",
      "side": "sell",
      "size": "0.00031477",
      "symbol": "BTC-USDT",
      "takerOrderId": "6741e1d81586c10007e94b3e",
      "time": "1732370904735000000",
      "tradeId": "11568016407543809",
      "type": "match",
      "time_received": "14:08:24.7836"
    },
    {
      "makerOrderId": "6741e1d667cdc900079676f6",
      "price": "98548.8",
      "sequence": "11568016409247745",
      "side": "sell",
      "size": "0.00030494",
      "symbol": "BTC-USDT",
      "takerOrderId": "6741e1d831d095000775fb8b",
      "time": "1732370904739000000",
      "tradeId": "11568016409247745",
      "type": "match",
      "time_received": "14:08:24.7837"
    },
    {
      "makerOrderId": "6741e1d667cdc900079676f6",
      "price": "98548.8",
      "sequence": "11568016415014913",
      "side": "sell",
      "size": "0.00029513",
      "symbol": "BTC-USDT",
      "takerOrderId": "6741e1d8cf286a000789ec96",
      "time": "1732370904760000000",
      "tradeId": "11568016415014913",
      "type": "match",
      "time_received": "14:08:24.8088"
    },
    {
      "makerOrderId": "6741e1d667cdc900079676f6",
      "price": "98548.8",
      "sequence": "11568016423403521",
      "side": "sell",
      "size": "0.00031481",
      "symbol": "BTC-USDT",
      "takerOrderId": "6741e1d8c65bf700077e281c",
      "time": "1732370904791000000",
      "tradeId": "11568016423403521",
      "type": "match",
      "time_received": "14:08:24.8417"
    },
    {
      "makerOrderId": "6741e1d667cdc900079676f6",
      "price": "98548.8",
      "sequence": "11568016423796737",
      "side": "sell",
      "size": "0.00029511",
      "symbol": "BTC-USDT",
      "takerOrderId": "6741e1d8ae93cc0007135318",
      "time": "1732370904795000000",
      "tradeId": "11568016423796737",
      "type": "match",
      "time_received": "14:08:24.8418"
    },
    {
      "makerOrderId": "6741e1d667cdc900079676f6",
      "price": "98548.8",
      "sequence": "11568016439787521",
      "side": "sell",
      "size": "0.00030495",
      "symbol": "BTC-USDT",
      "takerOrderId": "6741e1d8d52cb8000748cb94",
      "time": "1732370904825000000",
      "tradeId": "11568016439787521",
      "type": "match",
      "time_received": "14:08:24.8826"
    },
    {
      "makerOrderId": "6741e1d7f4f120000703a7b6",
      "price": "98548.9",
      "sequence": "11568016484483073",
      "side": "buy",
      "size": "0.00001284",
      "symbol": "BTC-USDT",
      "takerOrderId": "6741e1d8ae93cc0007135455",
      "time": "1732370904938000000",
      "tradeId": "11568016484483073",
      "type": "match",
      "time_received": "14:08:24.9974"
    },
    {
      "makerOrderId": "6741e1d667cdc900079676f6",
      "price": "98548.8",
      "sequence": "11568016486580225",
      "side": "sell",
      "size": "0.0002951",
      "symbol": "BTC-USDT",
      "takerOrderId": "6741e1d81586c10007e94cfe",
      "time": "1732370904945000000",
      "tradeId": "11568016486580225",
      "type": "match",
      "time_received": "14:08:24.9975"
    },
    {
      "makerOrderId": "6741e1d7f4f120000703a7b6",
      "price": "98548.9",
      "sequence": "11568016512270337",
      "side": "buy",
      "size": "0.000021",
      "symbol": "BTC-USDT",
      "takerOrderId": "6741e1d9cf286a000789ee87",
      "time": "1732370905038000000",
      "tradeId": "11568016512270337",
      "type": "match",
      "time_received": "14:08:25.1398"
    },
    {
      "makerOrderId": "6741e1d7f4f120000703a7b6",
      "price": "98548.9",
      "sequence": "11568016512663553",
      "side": "buy",
      "size": "0.00001685",
      "symbol": "BTC-USDT",
      "takerOrderId": "6741e1d9c65bf700077e2a0f",
      "time": "1732370905039000000",
      "tradeId": "11568016512663553",
      "type": "match",
      "time_received": "14:08:25.1398"
    },
    {
      "makerOrderId": "6741e1d7f4f120000703a7b6",
      "price": "98548.9",
      "sequence": "11568016512925697",
      "side": "buy",
      "size": "0.0000397",
      "symbol": "BTC-USDT",
      "takerOrderId": "6741e1d9f4a7c50007e538a0",
      "time": "1732370905039000000",
      "tradeId": "11568016512925697",
      "type": "match",
      "time_received": "14:08:25.1399"
    },
    {
      "makerOrderId": "6741e1d667cdc900079676f6",
      "price": "98548.8",
      "sequence": "11568016519479297",
      "side": "sell",
      "size": "0.0002951",
      "symbol": "BTC-USDT",
      "takerOrderId": "6741e1d9df6f6e0007bea80c",
      "time": "1732370905066000000",
      "tradeId": "11568016519479297",
      "type": "match",
      "time_received": "14:08:25.1399"
    },
    {
      "makerOrderId": "6741e1d667cdc900079676f6",
      "price": "98548.8",
      "sequence": "11568016535863297",
      "side": "sell",
      "size": "0.00030494",
      "symbol": "BTC-USDT",
      "takerOrderId": "6741e1d937061e00078f1fb5",
      "time": "1732370905138000000",
      "tradeId": "11568016535863297",
      "type": "match",
      "time_received": "14:08:25.2519"
    },
    {
      "makerOrderId": "6741e1d7f4f120000703a7b6",
      "price": "98548.9",
      "sequence": "11568016542547969",
      "side": "buy",
      "size": "0.0000157",
      "symbol": "BTC-USDT",
      "takerOrderId": "6741e1d968486d0007d47034",
      "time": "1732370905162000000",
      "tradeId": "11568016542547969",
      "type": "match",
      "time_received": "14:08:25.2521"
    },
    {
      "makerOrderId": "6741e1d7f4f120000703a7b6",
      "price": "98548.9",
      "sequence": "11568016543596545",
      "side": "buy",
      "size": "0.00007927",
      "symbol": "BTC-USDT",
      "takerOrderId": "6741e1d931d095000775fe6d",
      "time": "1732370905164000000",
      "tradeId": "11568016543596545",
      "type": "match",
      "time_received": "14:08:25.2521"
    },
    {
      "makerOrderId": "6741e1d7f4f120000703a7b6",
      "price": "98548.9",
      "sequence": "11568016548184065",
      "side": "buy",
      "size": "0.00009926",
      "symbol": "BTC-USDT",
      "takerOrderId": "6741e1d91586c10007e94e71",
      "time": "1732370905177000000",
      "tradeId": "11568016548184065",
      "type": "match",
      "time_received": "14:08:25.2522"
    },
    {
      "makerOrderId": "6741e1d7f4f120000703a7b6",
      "price": "98548.9",
      "sequence": "11568016592879617",
      "side": "buy",
      "size": "0.00015947",
      "symbol": "BTC-USDT",
      "takerOrderId": "6741e1d967cdc90007968801",
      "time": "1732370905324000000",
      "tradeId": "11568016592879617",
      "type": "match",
      "time_received": "14:08:25.3725"
    },
    {
      "makerOrderId": "6741e1d7f4f120000703a7b6",
      "price": "98548.9",
      "sequence": "11568016595894273",
      "side": "buy",
      "size": "0.00289914",
      "symbol": "BTC-USDT",
      "takerOrderId": "6741e1d967cdc90007968810",
      "time": "1732370905332000000",
      "tradeId": "11568016595894273",
      "type": "match",
      "time_received": "14:08:25.3812"
    },
    {
      "makerOrderId": "6741e1d7f4f120000703a7b6",
      "price": "98548.9",
      "sequence": "11568016624467969",
      "side": "buy",
      "size": "0.00001442",
      "symbol": "BTC-USDT",
      "takerOrderId": "6741e1d967cdc90007968916",
      "time": "1732370905456000000",
      "tradeId": "11568016624467969",
      "type": "match",
      "time_received": "14:08:25.5111"
    },
    {
      "makerOrderId": "6741e1d7f4f120000703a7b6",
      "price": "98548.9",
      "sequence": "11568016645701633",
      "side": "buy",
      "size": "0.00010116",
      "symbol": "BTC-USDT",
      "takerOrderId": "6741e1d9d52cb8000748d076",
      "time": "1732370905557000000",
      "tradeId": "11568016645701633",
      "type": "match",
      "time_received": "14:08:25.6046"
    },
    {
      "makerOrderId": "6741e1d667cdc900079676f6",
      "price": "98548.8",
      "sequence": "11568016659726337",
      "side": "sell",
      "size": "0.00030495",
      "symbol": "BTC-USDT",
      "takerOrderId": "6741e1d94fe7460007458299",
      "time": "1732370905646000000",
      "tradeId": "11568016659726337",
      "type": "match",
      "time_received": "14:08:25.7101"
    },
    {
      "makerOrderId": "6741e1d667cdc900079676f6",
      "price": "98548.8",
      "sequence": "11568016717529089",
      "side": "sell",
      "size": "0.0002951",
      "symbol": "BTC-USDT",
      "takerOrderId": "6741e1d9b7e21a0007af0c24",
      "time": "1732370905876000000",
      "tradeId": "11568016717529089",
      "type": "match",
      "time_received": "14:08:25.9229"
    },
    {
      "makerOrderId": "6741e1d7f4f120000703a7b6",
      "price": "98548.9",
      "sequence": "11568017068802049",
      "side": "buy",
      "size": "0.00007931",
      "symbol": "BTC-USDT",
      "takerOrderId": "6741e1da1586c10007e959ea",
      "time": "1732370906821000000",
      "tradeId": "11568017068802049",
      "type": "match",
      "time_received": "14:08:26.8770"
    },
    {
      "makerOrderId": "6741e1d667cdc900079676f6",
      "price": "98548.8",
      "sequence": "11568017276944385",
      "side": "sell",
      "size": "0.001",
      "symbol": "BTC-USDT",
      "takerOrderId": "6741e1db67cdc900079696ed",
      "time": "1732370907180000000",
      "tradeId": "11568017276944385",
      "type": "match",
      "time_received": "14:08:27.2280"
    },
    {
      "makerOrderId": "6741e1d667cdc900079676f6",
      "price": "98548.8",
      "sequence": "11568017300537345",
      "side": "sell",
      "size": "0.0005",
      "symbol": "BTC-USDT",
      "takerOrderId": "6741e1db4fe7460007458f79",
      "time": "1732370907220000000",
      "tradeId": "11568017300537345",
      "type": "match",
      "time_received": "14:08:27.2693"
    },
    {
      "makerOrderId": "6741e1d667cdc900079676f6",
      "price": "98548.8",
      "sequence": "11568017309974529",
      "side": "sell",
      "size": "0.0005",
      "symbol": "BTC-USDT",
      "takerOrderId": "6741e1db1586c10007e95e97",
      "time": "1732370907239000000",
      "tradeId": "11568017309974529",
      "type": "match",
      "time_received": "14:08:27.2863"
    },
    {
      "makerOrderId": "6741e1d7f4f120000703a7b6",
      "price": "98548.9",
      "sequence": "11568017388224513",
      "side": "buy",
      "size": "0.03025221",
      "symbol": "BTC-USDT",
      "takerOrderId": "6741e1dbf1bf400007df1dcc",
      "time": "1732370907409000000",
      "tradeId": "11568017388224513",
      "type": "match",
      "time_received": "14:08:27.4585"
    },
    {
      "makerOrderId": "6741e1d931d095000775ffc8",
      "price": "98548.9",
      "sequence": "11568017388224516",
      "side": "buy",
      "size": "0.03367123",
      "symbol": "BTC-USDT",
      "takerOrderId": "6741e1dbf1bf400007df1dcc",
      "time": "1732370907409000000",
      "tradeId": "11568017388224516",
      "type": "match",
      "time_received": "14:08:27.4586"
    },
    {
      "makerOrderId": "6741e1d968486d0007d4726d",
      "price": "98548.9",
      "sequence": "11568017388224519",
      "side": "buy",
      "size": "0.04523458",
      "symbol": "BTC-USDT",
      "takerOrderId": "6741e1dbf1bf400007df1dcc",
      "time": "1732370907409000000",
      "tradeId": "11568017388224519",
      "type": "match",
      "time_received": "14:08:27.4586"
    },
    {
      "makerOrderId": "6741e1daf4a7c50007e541d1",
      "price": "98548.9",
      "sequence": "11568017388224522",
      "side": "buy",
      "size": "0.0386049",
      "symbol": "BTC-USDT",
      "takerOrderId": "6741e1dbf1bf400007df1dcc",
      "time": "1732370907409000000",
      "tradeId": "11568017388224522",
      "type": "match",
      "time_received": "14:08:27.4587"
    },
    {
      "makerOrderId": "6741e1da0d855300076a358f",
      "price": "98548.9",
      "sequence": "11568017388224525",
      "side": "buy",
      "size": "0.10330855",
      "symbol": "BTC-USDT",
      "takerOrderId": "6741e1dbf1bf400007df1dcc",
      "time": "1732370907409000000",
      "tradeId": "11568017388224525",
      "type": "match",
      "time_received": "14:08:27.4598"
    },
    {
      "makerOrderId": "6741e1da088f010007f33819",
      "price": "98548.9",
      "sequence": "11568017388224528",
      "side": "buy",
      "size": "0.10322747",
      "symbol": "BTC-USDT",
      "takerOrderId": "6741e1dbf1bf400007df1dcc",
      "time": "1732370907409000000",
      "tradeId": "11568017388224528",
      "type": "match",
      "time_received": "14:08:27.4598"
    },
    {
      "makerOrderId": "6741e1dac5ba740007d323f6",
      "price": "98548.9",
      "sequence": "11568017388224531",
      "side": "buy",
      "size": "0.2385",
      "symbol": "BTC-USDT",
      "takerOrderId": "6741e1dbf1bf400007df1dcc",
      "time": "1732370907409000000",
      "tradeId": "11568017388224531",
      "type": "match",
      "time_received": "14:08:27.4598"
    },
    {
      "makerOrderId": "6741e1dac65bf700077e377c",
      "price": "98548.9",
      "sequence": "11568017388224534",
      "side": "buy",
      "size": "0.07688036",
      "symbol": "BTC-USDT",
      "takerOrderId": "6741e1dbf1bf400007df1dcc",
      "time": "1732370907409000000",
      "tradeId": "11568017388224534",
      "type": "match",
      "time_received": "14:08:27.4599"
    },
    {
      "makerOrderId": "6741e1daf4f120000703c1ec",
      "price": "98548.9",
      "sequence": "11568017388224537",
      "side": "buy",
      "size": "0.19138667",
      "symbol": "BTC-USDT",
      "takerOrderId": "6741e1dbf1bf400007df1dcc",
      "time": "1732370907409000000",
      "tradeId": "11568017388224537",
      "type": "match",
      "time_received": "14:08:27.4599"
    },
    {
      "makerOrderId": "6741e1daf4f120000703c1ec",
      "price": "98548.9",
      "sequence": "11568017390714881",
      "side": "buy",
      "size": "0.00023133",
      "symbol": "BTC-USDT",
      "takerOrderId": "6741e1db67cdc9000796990f",
      "time": "1732370907416000000",
      "tradeId": "11568017390714881",
      "type": "match",
      "time_received": "14:08:27.4635"
    },
    {
      "makerOrderId": "6741e1db68486d0007d481fe",
      "price": "98548.9",
      "sequence": "11568017390714884",
      "side": "buy",
      "size": "0.06088084",
      "symbol": "BTC-USDT",
      "takerOrderId": "6741e1db67cdc9000796990f",
      "time": "1732370907416000000",
      "tradeId": "11568017390714884",
      "type": "match",
      "time_received": "14:08:27.4635"
    },
    {
      "makerOrderId": "6741e1db67cdc9000796990f",
      "price": "98548.9",
      "sequence": "11568017411424257",
      "side": "sell",
      "size": "0.0046499",
      "symbol": "BTC-USDT",
      "takerOrderId": "6741e1db088f010007f33ec7",
      "time": "1732370907445000000",
      "tradeId": "11568017411424257",
      "type": "match",
      "time_received": "14:08:27.4925"
    },
    {
      "makerOrderId": "6741e1db6967d300074ea63a",
      "price": "98548.9",
      "sequence": "11568017848549377",
      "side": "sell",
      "size": "0.0005",
      "symbol": "BTC-USDT",
      "takerOrderId": "6741e1ddcf286a00078a0ca5",
      "time": "1732370909085000000",
      "tradeId": "11568017848549377",
      "type": "match",
      "time_received": "14:08:29.1317"
    },
    {
      "makerOrderId": "6741e1db6967d300074ea63a",
      "price": "98548.9",
      "sequence": "11568018512953345",
      "side": "sell",
      "size": "0.0010393",
      "symbol": "BTC-USDT",
      "takerOrderId": "6741e1dfa76ec8000728b2ab",
      "time": "1732370911397000000",
      "tradeId": "11568018512953345",
      "type": "match",
      "time_received": "14:08:31.4459"
    },
    {
      "makerOrderId": "6741e1db1586c10007e9602a",
      "price": "98548.9",
      "sequence": "11568018512953348",
      "side": "sell",
      "size": "0.0025607",
      "symbol": "BTC-USDT",
      "takerOrderId": "6741e1dfa76ec8000728b2ab",
      "time": "1732370911397000000",
      "tradeId": "11568018512953348",
      "type": "match",
      "time_received": "14:08:31.4460"
    },
    {
      "makerOrderId": "6741e1c6d52cb80007484aee",
      "price": "98549",
      "sequence": "11568018931597313",
      "side": "buy",
      "size": "0.304238",
      "symbol": "BTC-USDT",
      "takerOrderId": "6741e1e0df6f6e0007bee178",
      "time": "1732370912785000000",
      "tradeId": "11568018931597313",
      "type": "match",
      "time_received": "14:08:32.8345"
    },
    {
      "makerOrderId": "6741e1dbcf286a00078a0189",
      "price": "98549",
      "sequence": "11568018931597316",
      "side": "buy",
      "size": "0.00966401",
      "symbol": "BTC-USDT",
      "takerOrderId": "6741e1e0df6f6e0007bee178",
      "time": "1732370912785000000",
      "tradeId": "11568018931597316",
      "type": "match",
      "time_received": "14:08:32.8346"
    },
    {
      "makerOrderId": "6741e1df088f010007f35def",
      "price": "98549",
      "sequence": "11568018931597319",
      "side": "buy",
      "size": "0.2385",
      "symbol": "BTC-USDT",
      "takerOrderId": "6741e1e0df6f6e0007bee178",
      "time": "1732370912785000000",
      "tradeId": "11568018931597319",
      "type": "match",
      "time_received": "14:08:32.8346"
    },
    {
      "makerOrderId": "6741e1e0c5ba740007d34c53",
      "price": "98549",
      "sequence": "11568018931597322",
      "side": "buy",
      "size": "0.191617",
      "symbol": "BTC-USDT",
      "takerOrderId": "6741e1e0df6f6e0007bee178",
      "time": "1732370912785000000",
      "tradeId": "11568018931597322",
      "type": "match",
      "time_received": "14:08:32.8346"
    },
    {
      "makerOrderId": "6741e1dfae93cc0007138927",
      "price": "98552.5",
      "sequence": "11568018931597325",
      "side": "buy",
      "size": "0.00010145",
      "symbol": "BTC-USDT",
      "takerOrderId": "6741e1e0df6f6e0007bee178",
      "time": "1732370912785000000",
      "tradeId": "11568018931597325",
      "type": "match",
      "time_received": "14:08:32.8348"
    },
    {
      "makerOrderId": "6741e1d61586c10007e93b61",
      "price": "98552.6",
      "sequence": "11568018931597328",
      "side": "buy",
      "size": "0.00071478",
      "symbol": "BTC-USDT",
      "takerOrderId": "6741e1e0df6f6e0007bee178",
      "time": "1732370912785000000",
      "tradeId": "11568018931597328",
      "type": "match",
      "time_received": "14:08:32.8355"
    },
    {
      "makerOrderId": "6741e1df37061e00078f4f95",
      "price": "98552.6",
      "sequence": "11568018931597331",
      "side": "buy",
      "size": "0.00001699",
      "symbol": "BTC-USDT",
      "takerOrderId": "6741e1e0df6f6e0007bee178",
      "time": "1732370912785000000",
      "tradeId": "11568018931597331",
      "type": "match",
      "time_received": "14:08:32.8356"
    },
    {
      "makerOrderId": "6741e1df68486d0007d4a348",
      "price": "98555.6",
      "sequence": "11568018931597334",
      "side": "buy",
      "size": "0.10371481",
      "symbol": "BTC-USDT",
      "takerOrderId": "6741e1e0df6f6e0007bee178",
      "time": "1732370912785000000",
      "tradeId": "11568018931597334",
      "type": "match",
      "time_received": "14:08:32.8357"
    },
    {
      "makerOrderId": "6741e1dff4f120000703e525",
      "price": "98555.7",
      "sequence": "11568018931597337",
      "side": "buy",
      "size": "0.0122566",
      "symbol": "BTC-USDT",
      "takerOrderId": "6741e1e0df6f6e0007bee178",
      "time": "1732370912785000000",
      "tradeId": "11568018931597337",
      "type": "match",
      "time_received": "14:08:32.8358"
    },
    {
      "makerOrderId": "6741e1dfae93cc00071388c0",
      "price": "98555.7",
      "sequence": "11568019012730881",
      "side": "buy",
      "size": "0.00049935",
      "symbol": "BTC-USDT",
      "takerOrderId": "6741e1e1088f010007f366ca",
      "time": "1732370913058000000",
      "tradeId": "11568019012730881",
      "type": "match",
      "time_received": "14:08:33.1029"
    },
    {
      "makerOrderId": "6741e1dfae93cc00071388c0",
      "price": "98555.7",
      "sequence": "11568019551698945",
      "side": "buy",
      "size": "0.02030323",
      "symbol": "BTC-USDT",
      "takerOrderId": "6741e1e3d52cb8000749141d",
      "time": "1732370915080000000",
      "tradeId": "11568019551698945",
      "type": "match",
      "time_received": "14:08:35.1323"
    },
    {
      "makerOrderId": "6741e1e04fe746000745b795",
      "price": "98555.6",
      "sequence": "11568019944914945",
      "side": "sell",
      "size": "0.00030879",
      "symbol": "BTC-USDT",
      "takerOrderId": "6741e1e431d0950007764df4",
      "time": "1732370916800000000",
      "tradeId": "11568019944914945",
      "type": "match",
      "time_received": "14:08:36.8515"
    },
    {
      "makerOrderId": "6741e1e04fe746000745b795",
      "price": "98555.6",
      "sequence": "11568020047151105",
      "side": "sell",
      "size": "0.02027611",
      "symbol": "BTC-USDT",
      "takerOrderId": "6741e1e568486d0007d4c281",
      "time": "1732370917268000000",
      "tradeId": "11568020047151105",
      "type": "match",
      "time_received": "14:08:37.3173"
    },
    {
      "makerOrderId": "6741e1e0088f010007f36536",
      "price": "98555.6",
      "sequence": "11568020047151108",
      "side": "sell",
      "size": "0.00002712",
      "symbol": "BTC-USDT",
      "takerOrderId": "6741e1e568486d0007d4c281",
      "time": "1732370917268000000",
      "tradeId": "11568020047151108",
      "type": "match",
      "time_received": "14:08:37.3174"
    },
    {
      "makerOrderId": "6741e1dfae93cc00071388c0",
      "price": "98555.7",
      "sequence": "11568020075855873",
      "side": "buy",
      "size": "0.00003038",
      "symbol": "BTC-USDT",
      "takerOrderId": "6741e1e5df6f6e0007befc09",
      "time": "1732370917318000000",
      "tradeId": "11568020075855873",
      "type": "match",
      "time_received": "14:08:37.3640"
    }
  ]
}