{
  "metadata": {
    "symbol": "VIRTUAL",
    "channel": "match",
    "start_time": "11:59:30.0000",
    "release_time": "12:00:00.0000",
    "end_time": "12:20:00.0000",
    "total_messages": 656,
    "final_snapshot": {
      "time": "12:19:54.3860",
      "symbol": "VIRTUAL-USDT",
      "price_high": "1.433",
      "price_last": "1.408",
      "price_low": "0.7",
      "price_avg": null,
      "volValue_USDT": "56132.53669"
    }
  },
  "data": [
    {
      "price": "0.7",
      "sequence": "5806467246471169",
      "side": "sell",
      "size": "1",
      "symbol": "VIRTUAL-USDT",
      "time": "1732881600000000000",
      "tradeId": "5806467246471169",
      "type": "match",
      "time_received": "12:00:00.0985"
    },
    {
      "makerOrderId": "674999669e4e4000072bcf15",
      "price": "1",
      "sequence": "5806467246471170",
      "side": "buy",
      "size": "10",
      "symbol": "VIRTUAL-USDT",
      "takerOrderId": "6749acc033b8f3000733ff1f",
      "time": "1732881600052000000",
      "tradeId": "5806467246471170",
      "type": "match",
      "time_received": "12:00:00.0987"
    },
    {
      "makerOrderId": "6749acc3439c100007b0df3f",
      "price": "1.429",
      "sequence": "5806468766775297",
      "side": "buy",
      "size": "410.11",
      "symbol": "VIRTUAL-USDT",
      "takerOrderId": "6749acc3f61fa000073cc2f1",
      "time": "1732881603705000000",
      "tradeId": "5806468766775297",
      "type": "match",
      "time_received": "12:00:03.7429"
    },
    {
      "makerOrderId": "6749acc3ef434f000767cd24",
      "price": "1.429",
      "sequence": "5806469324748801",
      "side": "buy",
      "size": "147.05",
      "symbol": "VIRTUAL-USDT",
      "takerOrderId": "6749acc42033a500074ba068",
      "time": "1732881604865000000",
      "tradeId": "5806469324748801",
      "type": "match",
      "time_received": "12:00:04.9137"
    },
    {
      "makerOrderId": "6749acca5a55500007e14524",
      "price": "1.433",
      "sequence": "5806471825995777",
      "side": "sell",
      "size": "127.08",
      "symbol": "VIRTUAL-USDT",
      "takerOrderId": "6749accaf61fa000073cf44a",
      "time": "1732881610140000000",
      "tradeId": "5806471825995777",
      "type": "match",
      "time_received": "12:00:10.1821"
    },
    {
      "makerOrderId": "6749accab6d5080007838a97",
      "price": "1.413",
      "sequence": "5806472093644801",
      "side": "sell",
      "size": "34.79",
      "symbol": "VIRTUAL-USDT",
      "takerOrderId": "6749acca9e4e40000797ccb4",
      "time": "1732881610986000000",
      "tradeId": "5806472093644801",
      "type": "match",
      "time_received": "12:00:11.0255"
    },
    {
      "makerOrderId": "6749acca8b053b0007bcc2d3",
      "price": "1.413",
      "sequence": "5806472093644804",
      "side": "sell",
      "size": "34.79",
      "symbol": "VIRTUAL-USDT",
      "takerOrderId": "6749acca9e4e40000797ccb4",
      "time": "1732881610986000000",
      "tradeId": "5806472093644804",
      "type": "match",
      "time_received": "12:00:11.0256"
    },
    {
      "makerOrderId": "6749acca2033a500074bccd9",
      "price": "1.413",
      "sequence": "5806472093644807",
      "side": "sell",
      "size": "34.79",
      "symbol": "VIRTUAL-USDT",
      "takerOrderId": "6749acca9e4e40000797ccb4",
      "time": "1732881610986000000",
      "tradeId": "5806472093644807",
      "type": "match",
      "time_received": "12:00:11.0259"
    },
    {
      "makerOrderId": "6749acc633b8f300073430cb",
      "price": "1.412",
      "sequence": "5806472093644810",
      "side": "sell",
      "size": "35.41",
      "symbol": "VIRTUAL-USDT",
      "takerOrderId": "6749acca9e4e40000797ccb4",
      "time": "1732881610986000000",
      "tradeId": "5806472093644810",
      "type": "match",
      "time_received": "12:00:11.0260"
    },
    {
      "makerOrderId": "6749acca9e4e40000797ccb4",
      "price": "1.403",
      "sequence": "5806472103475201",
      "side": "buy",
      "size": "12.9",
      "symbol": "VIRTUAL-USDT",
      "takerOrderId": "6749accb812d400007bda9c4",
      "time": "1732881611017000000",
      "tradeId": "5806472103475201",
      "type": "match",
      "time_received": "12:00:11.0567"
    },
    {
      "makerOrderId": "6749acca9e4e40000797ccb4",
      "price": "1.403",
      "sequence": "5806472132442113",
      "side": "buy",
      "size": "12.62",
      "symbol": "VIRTUAL-USDT",
      "takerOrderId": "6749accbb38d1200074e28fe",
      "time": "1732881611094000000",
      "tradeId": "5806472132442113",
      "type": "match",
      "time_received": "12:00:11.1327"
    },
    {
      "makerOrderId": "6749acca9e4e40000797ccb4",
      "price": "1.403",
      "sequence": "5806472138471425",
      "side": "buy",
      "size": "3.15",
      "symbol": "VIRTUAL-USDT",
      "takerOrderId": "6749accb5e5d4c0007f6ce39",
      "time": "1732881611115000000",
      "tradeId": "5806472138471425",
      "type": "match",
      "time_received": "12:00:11.1536"
    },
    {
      "makerOrderId": "6749acca9e4e40000797ccb4",
      "price": "1.403",
      "sequence": "5806472147777537",
      "side": "buy",
      "size": "16.8",
      "symbol": "VIRTUAL-USDT",
      "takerOrderId": "6749accb754b1e00078ac304",
      "time": "1732881611134000000",
      "tradeId": "5806472147777537",
      "type": "match",
      "time_received": "12:00:11.1724"
    },
    {
      "makerOrderId": "6749acca9e4e40000797ccb4",
      "price": "1.403",
      "sequence": "5806472152627201",
      "side": "buy",
      "size": "16.8",
      "symbol": "VIRTUAL-USDT",
      "takerOrderId": "6749accb14a89200075ad150",
      "time": "1732881611145000000",
      "tradeId": "5806472152627201",
      "type": "match",
      "time_received": "12:00:11.1791"
    },
    {
      "makerOrderId": "6749acca9e4e40000797ccb4",
      "price": "1.403",
      "sequence": "5806472152758273",
      "side": "buy",
      "size": "40.81",
      "symbol": "VIRTUAL-USDT",
      "takerOrderId": "6749accb2033a500074bcf06",
      "time": "1732881611145000000",
      "tradeId": "5806472152758273",
      "type": "match",
      "time_received": "12:00:11.1819"
    },
    {
      "makerOrderId": "6749acca9e4e40000797ccb4",
      "price": "1.403",
      "sequence": "5806472154068993",
      "side": "buy",
      "size": "16.8",
      "symbol": "VIRTUAL-USDT",
      "takerOrderId": "6749accbb38d1200074e2960",
      "time": "1732881611149000000",
      "tradeId": "5806472154068993",
      "type": "match",
      "time_received": "12:00:11.1820"
    },
    {
      "makerOrderId": "6749acca9e4e40000797ccb4",
      "price": "1.403",
      "sequence": "5806472164685825",
      "side": "buy",
      "size": "16.8",
      "symbol": "VIRTUAL-USDT",
      "takerOrderId": "6749accb1adbea0007832981",
      "time": "1732881611170000000",
      "tradeId": "5806472164685825",
      "type": "match",
      "time_received": "12:00:11.2016"
    },
    {
      "makerOrderId": "6749acca9e4e40000797ccb4",
      "price": "1.403",
      "sequence": "5806472181987329",
      "side": "buy",
      "size": "9.18",
      "symbol": "VIRTUAL-USDT",
      "takerOrderId": "6749accb33b8f300073450de",
      "time": "1732881611221000000",
      "tradeId": "5806472181987329",
      "type": "match",
      "time_received": "12:00:11.2595"
    },
    {
      "makerOrderId": "6749acca9e4e40000797ccb4",
      "price": "1.403",
      "sequence": "5806472190244865",
      "side": "buy",
      "size": "5",
      "symbol": "VIRTUAL-USDT",
      "takerOrderId": "6749accb9e4e40000797ce60",
      "time": "1732881611236000000",
      "tradeId": "5806472190244865",
      "type": "match",
      "time_received": "12:00:11.2717"
    },
    {
      "makerOrderId": "6749acca9e4e40000797ccb4",
      "price": "1.403",
      "sequence": "5806472194963457",
      "side": "buy",
      "size": "28.84",
      "symbol": "VIRTUAL-USDT",
      "takerOrderId": "6749accbb6d5080007838d59",
      "time": "1732881611247000000",
      "tradeId": "5806472194963457",
      "type": "match",
      "time_received": "12:00:11.2866"
    },
    {
      "makerOrderId": "6749acca9e4e40000797ccb4",
      "price": "1.403",
      "sequence": "5806472197191681",
      "side": "buy",
      "size": "34.19",
      "symbol": "VIRTUAL-USDT",
      "takerOrderId": "6749accb725fc60007da1d70",
      "time": "1732881611249000000",
      "tradeId": "5806472197191681",
      "type": "match",
      "time_received": "12:00:11.2868"
    },
    {
      "makerOrderId": "6749acca9e4e40000797ccb4",
      "price": "1.403",
      "sequence": "5806472199157761",
      "side": "buy",
      "size": "14.16",
      "symbol": "VIRTUAL-USDT",
      "takerOrderId": "6749accb1adbea0007832a03",
      "time": "1732881611252000000",
      "tradeId": "5806472199157761",
      "type": "match",
      "time_received": "12:00:11.2869"
    },
    {
      "makerOrderId": "6749acca9e4e40000797ccb4",
      "price": "1.403",
      "sequence": "5806472205449217",
      "side": "buy",
      "size": "2.47",
      "symbol": "VIRTUAL-USDT",
      "takerOrderId": "6749accbf61fa000073cfae4",
      "time": "1732881611263000000",
      "tradeId": "5806472205449217",
      "type": "match",
      "time_received": "12:00:11.3000"
    },
    {
      "makerOrderId": "6749acca9e4e40000797ccb4",
      "price": "1.403",
      "sequence": "5806472209381377",
      "side": "buy",
      "size": "21.18",
      "symbol": "VIRTUAL-USDT",
      "takerOrderId": "6749accbf61fa000073cfaea",
      "time": "1732881611269000000",
      "tradeId": "5806472209381377",
      "type": "match",
      "time_received": "12:00:11.3080"
    },
    {
      "makerOrderId": "6749acca9e4e40000797ccb4",
      "price": "1.403",
      "sequence": "5806472211347457",
      "side": "buy",
      "size": "5.76",
      "symbol": "VIRTUAL-USDT",
      "takerOrderId": "6749accbf61fa000073cfaf6",
      "time": "1732881611275000000",
      "tradeId": "5806472211347457",
      "type": "match",
      "time_received": "12:00:11.3111"
    },
    {
      "makerOrderId": "6749acca9e4e40000797ccb4",
      "price": "1.403",
      "sequence": "5806472213182465",
      "side": "buy",
      "size": "12.88",
      "symbol": "VIRTUAL-USDT",
      "takerOrderId": "6749accb725fc60007da1d9c",
      "time": "1732881611281000000",
      "tradeId": "5806472213182465",
      "type": "match",
      "time_received": "12:00:11.3201"
    },
    {
      "makerOrderId": "6749acca9e4e40000797ccb4",
      "price": "1.403",
      "sequence": "5806472216590337",
      "side": "buy",
      "size": "4.5",
      "symbol": "VIRTUAL-USDT",
      "takerOrderId": "6749accba69a4c000729bc6a",
      "time": "1732881611285000000",
      "tradeId": "5806472216590337",
      "type": "match",
      "time_received": "12:00:11.3203"
    },
    {
      "makerOrderId": "6749acca9e4e40000797ccb4",
      "price": "1.403",
      "sequence": "5806472219604993",
      "side": "buy",
      "size": "33.9",
      "symbol": "VIRTUAL-USDT",
      "takerOrderId": "6749accb1adbea0007832a42",
      "time": "1732881611288000000",
      "tradeId": "5806472219604993",
      "type": "match",
      "time_received": "12:00:11.3277"
    },
    {
      "makerOrderId": "6749acca9e4e40000797ccb4",
      "price": "1.403",
      "sequence": "5806472222750721",
      "side": "buy",
      "size": "27.18",
      "symbol": "VIRTUAL-USDT",
      "takerOrderId": "6749accb5e5d4c0007f6cf52",
      "time": "1732881611294000000",
      "tradeId": "5806472222750721",
      "type": "match",
      "time_received": "12:00:11.3339"
    },
    {
      "makerOrderId": "6749acca9e4e40000797ccb4",
      "price": "1.403",
      "sequence": "5806472225241089",
      "side": "buy",
      "size": "13.77",
      "symbol": "VIRTUAL-USDT",
      "takerOrderId": "6749accba69a4c000729bc7b",
      "time": "1732881611301000000",
      "tradeId": "5806472225241089",
      "type": "match",
      "time_received": "12:00:11.3364"
    },
    {
      "makerOrderId": "6749acca9e4e40000797ccb4",
      "price": "1.403",
      "sequence": "5806472250406913",
      "side": "buy",
      "size": "8.4",
      "symbol": "VIRTUAL-USDT",
      "takerOrderId": "6749accb33b8f300073451cb",
      "time": "1732881611377000000",
      "tradeId": "5806472250406913",
      "type": "match",
      "time_received": "12:00:11.4166"
    },
    {
      "makerOrderId": "6749acca9e4e40000797ccb4",
      "price": "1.403",
      "sequence": "5806472251193345",
      "side": "buy",
      "size": "21.18",
      "symbol": "VIRTUAL-USDT",
      "takerOrderId": "6749accb725fc60007da1e28",
      "time": "1732881611380000000",
      "tradeId": "5806472251193345",
      "type": "match",
      "time_received": "12:00:11.4167"
    },
    {
      "makerOrderId": "6749acca9e4e40000797ccb4",
      "price": "1.403",
      "sequence": "5806472261285889",
      "side": "buy",
      "size": "9.9",
      "symbol": "VIRTUAL-USDT",
      "takerOrderId": "6749accbef434f00076803fc",
      "time": "1732881611399000000",
      "tradeId": "5806472261285889",
      "type": "match",
      "time_received": "12:00:11.4363"
    },
    {
      "makerOrderId": "6749acca9e4e40000797ccb4",
      "price": "1.403",
      "sequence": "5806472277407745",
      "side": "buy",
      "size": "6.22",
      "symbol": "VIRTUAL-USDT",
      "takerOrderId": "6749accb8b053b0007bcc6f2",
      "time": "1732881611433000000",
      "tradeId": "5806472277407745",
      "type": "match",
      "time_received": "12:00:11.4703"
    },
    {
      "makerOrderId": "6749acca9e4e40000797ccb4",
      "price": "1.403",
      "sequence": "5806472290777089",
      "side": "buy",
      "size": "14.22",
      "symbol": "VIRTUAL-USDT",
      "takerOrderId": "6749accbb38d1200074e2b2a",
      "time": "1732881611477000000",
      "tradeId": "5806472290777089",
      "type": "match",
      "time_received": "12:00:11.5134"
    },
    {
      "makerOrderId": "6749acca9e4e40000797ccb4",
      "price": "1.403",
      "sequence": "5806472310700033",
      "side": "buy",
      "size": "9.64",
      "symbol": "VIRTUAL-USDT",
      "takerOrderId": "6749accba69a4c000729bdbe",
      "time": "1732881611524000000",
      "tradeId": "5806472310700033",
      "type": "match",
      "time_received": "12:00:11.5628"
    },
    {
      "makerOrderId": "6749acca9e4e40000797ccb4",
      "price": "1.403",
      "sequence": "5806472313059329",
      "side": "buy",
      "size": "15.58",
      "symbol": "VIRTUAL-USDT",
      "takerOrderId": "6749accbe21c74000764cfe6",
      "time": "1732881611531000000",
      "tradeId": "5806472313059329",
      "type": "match",
      "time_received": "12:00:11.5663"
    },
    {
      "makerOrderId": "6749acca9e4e40000797ccb4",
      "price": "1.403",
      "sequence": "5806472342288385",
      "side": "buy",
      "size": "12.46",
      "symbol": "VIRTUAL-USDT",
      "takerOrderId": "6749accb2033a500074bd1d4",
      "time": "1732881611608000000",
      "tradeId": "5806472342288385",
      "type": "match",
      "time_received": "12:00:11.6474"
    },
    {
      "makerOrderId": "6749acca9e4e40000797ccb4",
      "price": "1.403",
      "sequence": "5806472412280833",
      "side": "buy",
      "size": "15.43",
      "symbol": "VIRTUAL-USDT",
      "takerOrderId": "6749accb33b8f30007345461",
      "time": "1732881611755000000",
      "tradeId": "5806472412280833",
      "type": "match",
      "time_received": "12:00:11.7926"
    },
    {
      "makerOrderId": "6749acca9e4e40000797ccb4",
      "price": "1.403",
      "sequence": "5806472475850753",
      "side": "buy",
      "size": "15.82",
      "symbol": "VIRTUAL-USDT",
      "takerOrderId": "6749accb1adbea0007832e37",
      "time": "1732881611886000000",
      "tradeId": "5806472475850753",
      "type": "match",
      "time_received": "12:00:11.9189"
    },
    {
      "makerOrderId": "6749acca9e4e40000797ccb4",
      "price": "1.403",
      "sequence": "5806472526051329",
      "side": "buy",
      "size": "7",
      "symbol": "VIRTUAL-USDT",
      "takerOrderId": "6749acccdcdd7b0007ea5c34",
      "time": "1732881612013000000",
      "tradeId": "5806472526051329",
      "type": "match",
      "time_received": "12:00:12.0481"
    },
    {
      "makerOrderId": "6749acca9e4e40000797ccb4",
      "price": "1.403",
      "sequence": "5806472591980545",
      "side": "buy",
      "size": "25",
      "symbol": "VIRTUAL-USDT",
      "takerOrderId": "6749accc439c100007b1216d",
      "time": "1732881612154000000",
      "tradeId": "5806472591980545",
      "type": "match",
      "time_received": "12:00:12.1893"
    },
    {
      "makerOrderId": "6749acca9e4e40000797ccb4",
      "price": "1.403",
      "sequence": "5806472779020289",
      "side": "buy",
      "size": "23",
      "symbol": "VIRTUAL-USDT",
      "takerOrderId": "6749accc14a89200075adadb",
      "time": "1732881612566000000",
      "tradeId": "5806472779020289",
      "type": "match",
      "time_received": "12:00:12.6009"
    },
    {
      "makerOrderId": "6749acca9e4e40000797ccb4",
      "price": "1.403",
      "sequence": "5806472791603201",
      "side": "buy",
      "size": "3",
      "symbol": "VIRTUAL-USDT",
      "takerOrderId": "6749accc5e5d4c0007f6d83d",
      "time": "1732881612598000000",
      "tradeId": "5806472791603201",
      "type": "match",
      "time_received": "12:00:12.6374"
    },
    {
      "makerOrderId": "6749acca9e4e40000797ccb4",
      "price": "1.403",
      "sequence": "5806474235885569",
      "side": "buy",
      "size": "29.78",
      "symbol": "VIRTUAL-USDT",
      "takerOrderId": "6749acd09e4e40000797eb8d",
      "time": "1732881616203000000",
      "tradeId": "5806474235885569",
      "type": "match",
      "time_received": "12:00:16.2431"
    },
    {
      "makerOrderId": "6749acca9e4e40000797ccb4",
      "price": "1.403",
      "sequence": "5806474237196289",
      "side": "buy",
      "size": "7.45",
      "symbol": "VIRTUAL-USDT",
      "takerOrderId": "6749acd033b8f30007346ea9",
      "time": "1732881616206000000",
      "tradeId": "5806474237196289",
      "type": "match",
      "time_received": "12:00:16.2432"
    },
    {
      "makerOrderId": "6749acd7b6d508000783d3b7",
      "price": "1.401",
      "sequence": "5806477167179777",
      "side": "sell",
      "size": "0.73",
      "symbol": "VIRTUAL-USDT",
      "takerOrderId": "6749acd7ef434f0007684afd",
      "time": "1732881623289000000",
      "tradeId": "5806477167179777",
      "type": "match",
      "time_received": "12:00:23.3214"
    },
    {
      "makerOrderId": "6749acd7812d400007bdf233",
      "price": "1.401",
      "sequence": "5806477167179780",
      "side": "sell",
      "size": "0.73",
      "symbol": "VIRTUAL-USDT",
      "takerOrderId": "6749acd7ef434f0007684afd",
      "time": "1732881623289000000",
      "tradeId": "5806477167179780",
      "type": "match",
      "time_received": "12:00:23.3215"
    },
    {
      "makerOrderId": "6749acd7dcdd7b0007ea9d54",
      "price": "1.401",
      "sequence": "5806477167179783",
      "side": "sell",
      "size": "0.73",
      "symbol": "VIRTUAL-USDT",
      "takerOrderId": "6749acd7ef434f0007684afd",
      "time": "1732881623289000000",
      "tradeId": "5806477167179783",
      "type": "match",
      "time_received": "12:00:23.3216"
    },
    {
      "makerOrderId": "6749acc05a55500007e0f9f9",
      "price": "1.4",
      "sequence": "5806477167179786",
      "side": "sell",
      "size": "50",
      "symbol": "VIRTUAL-USDT",
      "takerOrderId": "6749acd7ef434f0007684afd",
      "time": "1732881623289000000",
      "tradeId": "5806477167179786",
      "type": "match",
      "time_received": "12:00:23.3217"
    },
    {
      "makerOrderId": "6749acc11adbea000782e347",
      "price": "1.4",
      "sequence": "5806477167179789",
      "side": "sell",
      "size": "32.98",
      "symbol": "VIRTUAL-USDT",
      "takerOrderId": "6749acd7ef434f0007684afd",
      "time": "1732881623289000000",
      "tradeId": "5806477167179789",
      "type": "match",
      "time_received": "12:00:23.3275"
    },
    {
      "makerOrderId": "6749acd42033a500074c091b",
      "price": "1.4",
      "sequence": "5806477167179792",
      "side": "sell",
      "size": "6.53",
      "symbol": "VIRTUAL-USDT",
      "takerOrderId": "6749acd7ef434f0007684afd",
      "time": "1732881623289000000",
      "tradeId": "5806477167179792",
      "type": "match",
      "time_received": "12:00:23.3285"
    },
    {
      "makerOrderId": "6749acd7ef434f0007684afd",
      "price": "1.397",
      "sequence": "5806477181204481",
      "side": "buy",
      "size": "43.55",
      "symbol": "VIRTUAL-USDT",
      "takerOrderId": "6749acd7812d400007bdf364",
      "time": "1732881623316000000",
      "tradeId": "5806477181204481",
      "type": "match",
      "time_received": "12:00:23.3531"
    },
    {
      "makerOrderId": "6749acd7ef434f0007684afd",
      "price": "1.397",
      "sequence": "5806477182646273",
      "side": "buy",
      "size": "11.8",
      "symbol": "VIRTUAL-USDT",
      "takerOrderId": "6749acd75e5d4c0007f716e3",
      "time": "1732881623317000000",
      "tradeId": "5806477182646273",
      "type": "match",
      "time_received": "12:00:23.3532"
    },
    {
      "makerOrderId": "6749ace9e21c740007657e26",
      "price": "1.417",
      "sequence": "5806485115910145",
      "side": "buy",
      "size": "20.25",
      "symbol": "VIRTUAL-USDT",
      "takerOrderId": "6749ace9a69a4c00072a702b",
      "time": "1732881641818000000",
      "tradeId": "5806485115910145",
      "type": "match",
      "time_received": "12:00:41.8533"
    },
    {
      "makerOrderId": "6749acf1dcdd7b0007eb36af",
      "price": "1.415",
      "sequence": "5806488361646081",
      "side": "buy",
      "size": "7.07",
      "symbol": "VIRTUAL-USDT",
      "takerOrderId": "6749acf11adbea0007840e9c",
      "time": "1732881649988000000",
      "tradeId": "5806488361646081",
      "type": "match",
      "time_received": "12:00:50.0236"
    },
    {
      "makerOrderId": "6749acefb6d508000784621c",
      "price": "1.398",
      "sequence": "5806489331972097",
      "side": "sell",
      "size": "10",
      "symbol": "VIRTUAL-USDT",
      "takerOrderId": "6749acf4ef434f000768f685",
      "time": "1732881652241000000",
      "tradeId": "5806489331972097",
      "type": "match",
      "time_received": "12:00:52.2759"
    },
    {
      "makerOrderId": "6749acf5ef434f000768ff44",
      "price": "1.411",
      "sequence": "5806490280802305",
      "side": "buy",
      "size": "8.23",
      "symbol": "VIRTUAL-USDT",
      "takerOrderId": "6749acf6812d400007bead4e",
      "time": "1732881654729000000",
      "tradeId": "5806490280802305",
      "type": "match",
      "time_received": "12:00:54.7700"
    },
    {
      "makerOrderId": "6749acfc8b053b0007bde8fe",
      "price": "1.411",
      "sequence": "5806493012998145",
      "side": "buy",
      "size": "56.79",
      "symbol": "VIRTUAL-USDT",
      "takerOrderId": "6749acfdb26bfb0007afffb5",
      "time": "1732881661459000000",
      "tradeId": "5806493012998145",
      "type": "match",
      "time_received": "12:01:01.4975"
    },
    {
      "makerOrderId": "6749acf633b8f30007354f92",
      "price": "1.4",
      "sequence": "5806494449022977",
      "side": "sell",
      "size": "69.58",
      "symbol": "VIRTUAL-USDT",
      "takerOrderId": "6749ad008b053b0007be05f8",
      "time": "1732881664296000000",
      "tradeId": "5806494449022977",
      "type": "match",
      "time_received": "12:01:04.3371"
    },
    {
      "makerOrderId": "6749acf5b6d50800078489b0",
      "price": "1.399",
      "sequence": "5806494449022980",
      "side": "sell",
      "size": "1297.94",
      "symbol": "VIRTUAL-USDT",
      "takerOrderId": "6749ad008b053b0007be05f8",
      "time": "1732881664296000000",
      "tradeId": "5806494449022980",
      "type": "match",
      "time_received": "12:01:04.3372"
    },
    {
      "makerOrderId": "6749acf1b26bfb0007afb4f8",
      "price": "1.398",
      "sequence": "5806494449022983",
      "side": "sell",
      "size": "8.18",
      "symbol": "VIRTUAL-USDT",
      "takerOrderId": "6749ad008b053b0007be05f8",
      "time": "1732881664296000000",
      "tradeId": "5806494449022983",
      "type": "match",
      "time_received": "12:01:04.3373"
    },
    {
      "makerOrderId": "6749ace65a55500007e1ec50",
      "price": "1.397",
      "sequence": "5806494449022986",
      "side": "sell",
      "size": "2245.3",
      "symbol": "VIRTUAL-USDT",
      "takerOrderId": "6749ad008b053b0007be05f8",
      "time": "1732881664296000000",
      "tradeId": "5806494449022986",
      "type": "match",
      "time_received": "12:01:04.3375"
    },
    {
      "makerOrderId": "6749ad00f61fa000073e3bfd",
      "price": "1.409",
      "sequence": "5806494808160257",
      "side": "buy",
      "size": "69.58",
      "symbol": "VIRTUAL-USDT",
      "takerOrderId": "6749ad00b38d1200074f6b99",
      "time": "1732881665034000000",
      "tradeId": "5806494808160257",
      "type": "match",
      "time_received": "12:01:05.0757"
    },
    {
      "makerOrderId": "6749ad011adbea0007846e56",
      "price": "1.409",
      "sequence": "5806494808160260",
      "side": "buy",
      "size": "507.26",
      "symbol": "VIRTUAL-USDT",
      "takerOrderId": "6749ad00b38d1200074f6b99",
      "time": "1732881665034000000",
      "tradeId": "5806494808160260",
      "type": "match",
      "time_received": "12:01:05.0758"
    },
    {
      "makerOrderId": "6749ad00754b1e00078c07d8",
      "price": "1.398",
      "sequence": "5806497103362049",
      "side": "sell",
      "size": "39.67",
      "symbol": "VIRTUAL-USDT",
      "takerOrderId": "6749ad055a55500007e2af66",
      "time": "1732881669948000000",
      "tradeId": "5806497103362049",
      "type": "match",
      "time_received": "12:01:09.9874"
    },
    {
      "makerOrderId": "6749ad05812d400007bf0d90",
      "price": "1.398",
      "sequence": "5806497103362052",
      "side": "sell",
      "size": "0.12",
      "symbol": "VIRTUAL-USDT",
      "takerOrderId": "6749ad055a55500007e2af66",
      "time": "1732881669948000000",
      "tradeId": "5806497103362052",
      "type": "match",
      "time_received": "12:01:09.9876"
    },
    {
      "makerOrderId": "6749ad05725fc60007db7cfe",
      "price": "1.398",
      "sequence": "5806497103362055",
      "side": "sell",
      "size": "0.12",
      "symbol": "VIRTUAL-USDT",
      "takerOrderId": "6749ad055a55500007e2af66",
      "time": "1732881669948000000",
      "tradeId": "5806497103362055",
      "type": "match",
      "time_received": "12:01:09.9876"
    },
    {
      "makerOrderId": "6749ad051adbea0007848b51",
      "price": "1.398",
      "sequence": "5806497103362058",
      "side": "sell",
      "size": "0.12",
      "symbol": "VIRTUAL-USDT",
      "takerOrderId": "6749ad055a55500007e2af66",
      "time": "1732881669948000000",
      "tradeId": "5806497103362058",
      "type": "match",
      "time_received": "12:01:09.9878"
    },
    {
      "makerOrderId": "6749ad055a55500007e2af66",
      "price": "1.398",
      "sequence": "5806497116338177",
      "side": "buy",
      "size": "54.64",
      "symbol": "VIRTUAL-USDT",
      "takerOrderId": "6749ad052033a500074d32fc",
      "time": "1732881669971000000",
      "tradeId": "5806497116338177",
      "type": "match",
      "time_received": "12:01:10.0095"
    },
    {
      "makerOrderId": "6749ad055a55500007e2af66",
      "price": "1.398",
      "sequence": "5806497117517825",
      "side": "buy",
      "size": "56.73",
      "symbol": "VIRTUAL-USDT",
      "takerOrderId": "6749ad05754b1e00078c29bf",
      "time": "1732881669974000000",
      "tradeId": "5806497117517825",
      "type": "match",
      "time_received": "12:01:10.0096"
    },
    {
      "makerOrderId": "6749ad055a55500007e2af66",
      "price": "1.398",
      "sequence": "5806497119090689",
      "side": "buy",
      "size": "22.78",
      "symbol": "VIRTUAL-USDT",
      "takerOrderId": "6749ad058b053b0007be2a68",
      "time": "1732881669976000000",
      "tradeId": "5806497119090689",
      "type": "match",
      "time_received": "12:01:10.0096"
    },
    {
      "makerOrderId": "6749ad055a55500007e2af66",
      "price": "1.398",
      "sequence": "5806497119352833",
      "side": "buy",
      "size": "12.35",
      "symbol": "VIRTUAL-USDT",
      "takerOrderId": "6749ad055e5d4c0007f83530",
      "time": "1732881669976000000",
      "tradeId": "5806497119352833",
      "type": "match",
      "time_received": "12:01:10.0099"
    },
    {
      "makerOrderId": "6749ad055a55500007e2af66",
      "price": "1.398",
      "sequence": "5806497119614977",
      "side": "buy",
      "size": "17.28",
      "symbol": "VIRTUAL-USDT",
      "takerOrderId": "6749ad05b38d1200074f8d1f",
      "time": "1732881669976000000",
      "tradeId": "5806497119614977",
      "type": "match",
      "time_received": "12:01:10.0101"
    },
    {
      "makerOrderId": "6749ad055a55500007e2af66",
      "price": "1.398",
      "sequence": "5806497120139265",
      "side": "buy",
      "size": "50.93",
      "symbol": "VIRTUAL-USDT",
      "takerOrderId": "6749ad058b053b0007be2a6e",
      "time": "1732881669977000000",
      "tradeId": "5806497120139265",
      "type": "match",
      "time_received": "12:01:10.0146"
    },
    {
      "makerOrderId": "6749ad055a55500007e2af66",
      "price": "1.398",
      "sequence": "5806497120270337",
      "side": "buy",
      "size": "125.1",
      "symbol": "VIRTUAL-USDT",
      "takerOrderId": "6749ad05812d400007bf112c",
      "time": "1732881669977000000",
      "tradeId": "5806497120270337",
      "type": "match",
      "time_received": "12:01:10.0146"
    },
    {
      "makerOrderId": "6749ad055a55500007e2af66",
      "price": "1.398",
      "sequence": "5806497122236417",
      "side": "buy",
      "size": "30.27",
      "symbol": "VIRTUAL-USDT",
      "takerOrderId": "6749ad055e5d4c0007f8353c",
      "time": "1732881669980000000",
      "tradeId": "5806497122236417",
      "type": "match",
      "time_received": "12:01:10.0146"
    },
    {
      "makerOrderId": "6749ad04dcdd7b0007ebb149",
      "price": "1.408",
      "sequence": "5806497149368321",
      "side": "buy",
      "size": "9.99",
      "symbol": "VIRTUAL-USDT",
      "takerOrderId": "6749ad06439c100007b27fc4",
      "time": "1732881670024000000",
      "tradeId": "5806497149368321",
      "type": "match",
      "time_received": "12:01:10.0651"
    },
    {
      "makerOrderId": "6749ad04e21c740007662426",
      "price": "1.409",
      "sequence": "5806497149368324",
      "side": "buy",
      "size": "21.71",
      "symbol": "VIRTUAL-USDT",
      "takerOrderId": "6749ad06439c100007b27fc4",
      "time": "1732881670024000000",
      "tradeId": "5806497149368324",
      "type": "match",
      "time_received": "12:01:10.0652"
    },
    {
      "makerOrderId": "6749ad04e21c740007662426",
      "price": "1.409",
      "sequence": "5806497159067649",
      "side": "buy",
      "size": "27.33",
      "symbol": "VIRTUAL-USDT",
      "takerOrderId": "6749ad06725fc60007db80ff",
      "time": "1732881670041000000",
      "tradeId": "5806497159067649",
      "type": "match",
      "time_received": "12:01:10.0791"
    },
    {
      "makerOrderId": "6749ad04e21c740007662426",
      "price": "1.409",
      "sequence": "5806497166800897",
      "side": "buy",
      "size": "44",
      "symbol": "VIRTUAL-USDT",
      "takerOrderId": "6749ad06a69a4c00072b1ff0",
      "time": "1732881670053000000",
      "tradeId": "5806497166800897",
      "type": "match",
      "time_received": "12:01:10.0881"
    },
    {
      "makerOrderId": "6749ad04e21c740007662426",
      "price": "1.409",
      "sequence": "5806497167194113",
      "side": "buy",
      "size": "104.94",
      "symbol": "VIRTUAL-USDT",
      "takerOrderId": "6749ad06ef434f00076966d6",
      "time": "1732881670055000000",
      "tradeId": "5806497167194113",
      "type": "match",
      "time_received": "12:01:10.0881"
    },
    {
      "makerOrderId": "6749ad04e21c740007662426",
      "price": "1.409",
      "sequence": "5806497172305921",
      "side": "buy",
      "size": "111",
      "symbol": "VIRTUAL-USDT",
      "takerOrderId": "6749ad06dcdd7b0007ebba10",
      "time": "1732881670065000000",
      "tradeId": "5806497172305921",
      "type": "match",
      "time_received": "12:01:10.1043"
    },
    {
      "makerOrderId": "6749ad04e21c740007662426",
      "price": "1.409",
      "sequence": "5806497172830209",
      "side": "buy",
      "size": "79",
      "symbol": "VIRTUAL-USDT",
      "takerOrderId": "6749ad06b38d1200074f8d96",
      "time": "1732881670067000000",
      "tradeId": "5806497172830209",
      "type": "match",
      "time_received": "12:01:10.1044"
    },
    {
      "makerOrderId": "6749ad04e21c740007662426",
      "price": "1.409",
      "sequence": "5806497180694529",
      "side": "buy",
      "size": "59",
      "symbol": "VIRTUAL-USDT",
      "takerOrderId": "6749ad06a69a4c00072b2029",
      "time": "1732881670081000000",
      "tradeId": "5806497180694529",
      "type": "match",
      "time_received": "12:01:10.1153"
    },
    {
      "makerOrderId": "6749ad04e21c740007662426",
      "price": "1.409",
      "sequence": "5806497188427777",
      "side": "buy",
      "size": "22.91",
      "symbol": "VIRTUAL-USDT",
      "takerOrderId": "6749ad06b6d508000784f1ed",
      "time": "1732881670096000000",
      "tradeId": "5806497188427777",
      "type": "match",
      "time_received": "12:01:10.1366"
    },
    {
      "makerOrderId": "6749ad04e21c740007662426",
      "price": "1.409",
      "sequence": "5806497198389249",
      "side": "buy",
      "size": "39.47",
      "symbol": "VIRTUAL-USDT",
      "takerOrderId": "6749ad06b38d1200074f8de1",
      "time": "1732881670120000000",
      "tradeId": "5806497198389249",
      "type": "match",
      "time_received": "12:01:10.1596"
    },
    {
      "makerOrderId": "6749ad04e21c740007662426",
      "price": "1.409",
      "sequence": "5806497201403905",
      "side": "buy",
      "size": "32.03",
      "symbol": "VIRTUAL-USDT",
      "takerOrderId": "6749ad065e5d4c0007f83604",
      "time": "1732881670124000000",
      "tradeId": "5806497201403905",
      "type": "match",
      "time_received": "12:01:10.1597"
    },
    {
      "makerOrderId": "6749ad04e21c740007662426",
      "price": "1.409",
      "sequence": "5806497210054657",
      "side": "buy",
      "size": "30.61",
      "symbol": "VIRTUAL-USDT",
      "takerOrderId": "6749ad06b26bfb0007b03c30",
      "time": "1732881670136000000",
      "tradeId": "5806497210054657",
      "type": "match",
      "time_received": "12:01:10.1724"
    },
    {
      "makerOrderId": "6749ad04e21c740007662426",
      "price": "1.409",
      "sequence": "5806497245706241",
      "side": "buy",
      "size": "14.3",
      "symbol": "VIRTUAL-USDT",
      "takerOrderId": "6749ad065e5d4c0007f83676",
      "time": "1732881670208000000",
      "tradeId": "5806497245706241",
      "type": "match",
      "time_received": "12:01:10.2456"
    },
    {
      "makerOrderId": "6749ad0a754b1e00078c4cdd",
      "price": "1.408",
      "sequence": "5806499489003521",
      "side": "buy",
      "size": "35.64",
      "symbol": "VIRTUAL-USDT",
      "takerOrderId": "6749ad0b9e4e400007995792",
      "time": "1732881675263000000",
      "tradeId": "5806499489003521",
      "type": "match",
      "time_received": "12:01:15.3044"
    },
    {
      "makerOrderId": "6749ad0ab6d5080007851476",
      "price": "1.408",
      "sequence": "5806499673290753",
      "side": "buy",
      "size": "35.64",
      "symbol": "VIRTUAL-USDT",
      "takerOrderId": "6749ad0bb26bfb0007b06366",
      "time": "1732881675705000000",
      "tradeId": "5806499673290753",
      "type": "match",
      "time_received": "12:01:15.7424"
    },
    {
      "makerOrderId": "6749ad0a725fc60007dba38f",
      "price": "1.408",
      "sequence": "5806499673290756",
      "side": "buy",
      "size": "35.64",
      "symbol": "VIRTUAL-USDT",
      "takerOrderId": "6749ad0bb26bfb0007b06366",
      "time": "1732881675705000000",
      "tradeId": "5806499673290756",
      "type": "match",
      "time_received": "12:01:15.7425"
    },
    {
      "makerOrderId": "6749accf725fc60007da37ff",
      "price": "1.425",
      "sequence": "5806501236979713",
      "side": "buy",
      "size": "7.55",
      "symbol": "VIRTUAL-USDT",
      "takerOrderId": "6749ad0fdcdd7b0007ebf77d",
      "time": "1732881679445000000",
      "tradeId": "5806501236979713",
      "type": "match",
      "time_received": "12:01:19.4782"
    },
    {
      "makerOrderId": "6749accf725fc60007da37ff",
      "price": "1.425",
      "sequence": "5806502271662081",
      "side": "buy",
      "size": "14.24",
      "symbol": "VIRTUAL-USDT",
      "takerOrderId": "6749ad11ef434f000769b400",
      "time": "1732881681981000000",
      "tradeId": "5806502271662081",
      "type": "match",
      "time_received": "12:01:22.0173"
    },
    {
      "makerOrderId": "6749ad11ef434f000769b400",
      "price": "1.425",
      "sequence": "5806502335756289",
      "side": "sell",
      "size": "5.76",
      "symbol": "VIRTUAL-USDT",
      "takerOrderId": "6749ad12ef434f000769b53e",
      "time": "1732881682154000000",
      "tradeId": "5806502335756289",
      "type": "match",
      "time_received": "12:01:22.1952"
    },
    {
      "makerOrderId": "6749ad22812d400007bfb593",
      "price": "1.417",
      "sequence": "5806510636677121",
      "side": "buy",
      "size": "24.51",
      "symbol": "VIRTUAL-USDT",
      "takerOrderId": "6749ad27b38d1200075058e6",
      "time": "1732881703758000000",
      "tradeId": "5806510636677121",
      "type": "match",
      "time_received": "12:01:43.7965"
    },
    {
      "makerOrderId": "6749ad22812d400007bfb593",
      "price": "1.417",
      "sequence": "5806511580264449",
      "side": "buy",
      "size": "102.38",
      "symbol": "VIRTUAL-USDT",
      "takerOrderId": "6749ad2aa69a4c00072bfabe",
      "time": "1732881706272000000",
      "tradeId": "5806511580264449",
      "type": "match",
      "time_received": "12:01:46.3106"
    },
    {
      "makerOrderId": "6749ad2af61fa000073f3bb2",
      "price": "1.417",
      "sequence": "5806513617647617",
      "side": "buy",
      "size": "56.25",
      "symbol": "VIRTUAL-USDT",
      "takerOrderId": "6749ad2fdcdd7b0007ecb465",
      "time": "1732881711706000000",
      "tradeId": "5806513617647617",
      "type": "match",
      "time_received": "12:01:51.7488"
    },
    {
      "makerOrderId": "6749ad42812d400007c07015",
      "price": "1.413",
      "sequence": "5806527478249473",
      "side": "buy",
      "size": "0.7",
      "symbol": "VIRTUAL-USDT",
      "takerOrderId": "6749ad54439c100007b4465d",
      "time": "1732881748733000000",
      "tradeId": "5806527478249473",
      "type": "match",
      "time_received": "12:02:28.7721"
    },
    {
      "makerOrderId": "6749ad55725fc60007dd4b29",
      "price": "1.402",
      "sequence": "5806527840794625",
      "side": "sell",
      "size": "0.7",
      "symbol": "VIRTUAL-USDT",
      "takerOrderId": "6749ad55b38d12000751586e",
      "time": "1732881749728000000",
      "tradeId": "5806527840794625",
      "type": "match",
      "time_received": "12:02:29.7702"
    },
    {
      "makerOrderId": "6749ad42812d400007c07015",
      "price": "1.413",
      "sequence": "5806528404797441",
      "side": "buy",
      "size": "0.7",
      "symbol": "VIRTUAL-USDT",
      "takerOrderId": "6749ad5633b8f300073789e4",
      "time": "1732881750972000000",
      "tradeId": "5806528404797441",
      "type": "match",
      "time_received": "12:02:31.0126"
    },
    {
      "makerOrderId": "6749ad579e4e4000079b07c4",
      "price": "1.402",
      "sequence": "5806528585938945",
      "side": "sell",
      "size": "0.7",
      "symbol": "VIRTUAL-USDT",
      "takerOrderId": "6749ad57ef434f00076b3c9b",
      "time": "1732881751485000000",
      "tradeId": "5806528585938945",
      "type": "match",
      "time_received": "12:02:31.5249"
    },
    {
      "makerOrderId": "6749ad42812d400007c07015",
      "price": "1.413",
      "sequence": "5806528881375233",
      "side": "buy",
      "size": "0.5",
      "symbol": "VIRTUAL-USDT",
      "takerOrderId": "6749ad58ef434f00076b40ac",
      "time": "1732881752392000000",
      "tradeId": "5806528881375233",
      "type": "match",
      "time_received": "12:02:32.4335"
    },
    {
      "makerOrderId": "6749ad42812d400007c07015",
      "price": "1.413",
      "sequence": "5806529329248257",
      "side": "buy",
      "size": "0.7",
      "symbol": "VIRTUAL-USDT",
      "takerOrderId": "6749ad59b26bfb0007b21dc8",
      "time": "1732881753494000000",
      "tradeId": "5806529329248257",
      "type": "match",
      "time_received": "12:02:33.5308"
    },
    {
      "makerOrderId": "6749ad595a55500007e49119",
      "price": "1.402",
      "sequence": "5806529461762049",
      "side": "sell",
      "size": "0.7",
      "symbol": "VIRTUAL-USDT",
      "takerOrderId": "6749ad59f61fa000074042f4",
      "time": "1732881753848000000",
      "tradeId": "5806529461762049",
      "type": "match",
      "time_received": "12:02:33.8887"
    },
    {
      "makerOrderId": "6749ad42812d400007c07015",
      "price": "1.413",
      "sequence": "5806529701361665",
      "side": "buy",
      "size": "0.7",
      "symbol": "VIRTUAL-USDT",
      "takerOrderId": "6749ad5a5a55500007e496ac",
      "time": "1732881754453000000",
      "tradeId": "5806529701361665",
      "type": "match",
      "time_received": "12:02:34.4956"
    },
    {
      "makerOrderId": "6749ad42812d400007c07015",
      "price": "1.413",
      "sequence": "5806529985132545",
      "side": "buy",
      "size": "0.7",
      "symbol": "VIRTUAL-USDT",
      "takerOrderId": "6749ad5b754b1e00078e16da",
      "time": "1732881755196000000",
      "tradeId": "5806529985132545",
      "type": "match",
      "time_received": "12:02:35.2386"
    },
    {
      "makerOrderId": "6749ad5b725fc60007dd6e7d",
      "price": "1.401",
      "sequence": "5806530087499777",
      "side": "sell",
      "size": "1.4",
      "symbol": "VIRTUAL-USDT",
      "takerOrderId": "6749ad5b9e4e4000079b1ed3",
      "time": "1732881755513000000",
      "tradeId": "5806530087499777",
      "type": "match",
      "time_received": "12:02:35.5541"
    },
    {
      "makerOrderId": "6749ad42812d400007c07015",
      "price": "1.413",
      "sequence": "5806530242033665",
      "side": "buy",
      "size": "0.7",
      "symbol": "VIRTUAL-USDT",
      "takerOrderId": "6749ad5bb6d508000786e254",
      "time": "1732881755900000000",
      "tradeId": "5806530242033665",
      "type": "match",
      "time_received": "12:02:35.9375"
    },
    {
      "makerOrderId": "6749ad42812d400007c07015",
      "price": "1.413",
      "sequence": "5806530411378689",
      "side": "buy",
      "size": "0.7",
      "symbol": "VIRTUAL-USDT",
      "takerOrderId": "6749ad5cb6d508000786e569",
      "time": "1732881756443000000",
      "tradeId": "5806530411378689",
      "type": "match",
      "time_received": "12:02:36.4808"
    },
    {
      "makerOrderId": "6749ad5ca69a4c00072d1099",
      "price": "1.402",
      "sequence": "5806530436937729",
      "side": "sell",
      "size": "0.7",
      "symbol": "VIRTUAL-USDT",
      "takerOrderId": "6749ad5ce21c740007682439",
      "time": "1732881756541000000",
      "tradeId": "5806530436937729",
      "type": "match",
      "time_received": "12:02:36.5792"
    },
    {
      "makerOrderId": "6749ad5c1adbea00078680b6",
      "price": "1.401",
      "sequence": "5806530572990465",
      "side": "sell",
      "size": "0.7",
      "symbol": "VIRTUAL-USDT",
      "takerOrderId": "6749ad5c725fc60007dd7601",
      "time": "1732881756946000000",
      "tradeId": "5806530572990465",
      "type": "match",
      "time_received": "12:02:36.9871"
    },
    {
      "makerOrderId": "6749ad42812d400007c07015",
      "price": "1.413",
      "sequence": "5806530609821697",
      "side": "buy",
      "size": "0.7",
      "symbol": "VIRTUAL-USDT",
      "takerOrderId": "6749ad5d14a89200075e2c75",
      "time": "1732881757061000000",
      "tradeId": "5806530609821697",
      "type": "match",
      "time_received": "12:02:37.1041"
    },
    {
      "makerOrderId": "6749ad42812d400007c07015",
      "price": "1.413",
      "sequence": "5806530715334657",
      "side": "buy",
      "size": "0.7",
      "symbol": "VIRTUAL-USDT",
      "takerOrderId": "6749ad5db26bfb0007b232d8",
      "time": "1732881757447000000",
      "tradeId": "5806530715334657",
      "type": "match",
      "time_received": "12:02:37.4834"
    },
    {
      "makerOrderId": "6749ad5db38d120007518083",
      "price": "1.402",
      "sequence": "5806530777593857",
      "side": "sell",
      "size": "0.7",
      "symbol": "VIRTUAL-USDT",
      "takerOrderId": "6749ad5d2033a500074f2aa7",
      "time": "1732881757653000000",
      "tradeId": "5806530777593857",
      "type": "match",
      "time_received": "12:02:37.6936"
    },
    {
      "makerOrderId": "6749ad42812d400007c07015",
      "price": "1.413",
      "sequence": "5806530824910849",
      "side": "buy",
      "size": "0.7",
      "symbol": "VIRTUAL-USDT",
      "takerOrderId": "6749ad5d439c100007b4776f",
      "time": "1732881757852000000",
      "tradeId": "5806530824910849",
      "type": "match",
      "time_received": "12:02:37.8927"
    },
    {
      "makerOrderId": "6749ad5d2033a500074f2b57",
      "price": "1.401",
      "sequence": "5806530877863937",
      "side": "sell",
      "size": "0.7",
      "symbol": "VIRTUAL-USDT",
      "takerOrderId": "6749ad5d1adbea000786879d",
      "time": "1732881757997000000",
      "tradeId": "5806530877863937",
      "type": "match",
      "time_received": "12:02:38.0346"
    },
    {
      "makerOrderId": "6749ad42812d400007c07015",
      "price": "1.413",
      "sequence": "5806530933700609",
      "side": "buy",
      "size": "0.7",
      "symbol": "VIRTUAL-USDT",
      "takerOrderId": "6749ad5e14a89200075e31a0",
      "time": "1732881758216000000",
      "tradeId": "5806530933700609",
      "type": "match",
      "time_received": "12:02:38.2535"
    },
    {
      "makerOrderId": "6749ad5d2033a500074f2b57",
      "price": "1.401",
      "sequence": "5806530986915841",
      "side": "sell",
      "size": "0.7",
      "symbol": "VIRTUAL-USDT",
      "takerOrderId": "6749ad5eb6d508000786ee6f",
      "time": "1732881758374000000",
      "tradeId": "5806530986915841",
      "type": "match",
      "time_received": "12:02:38.4160"
    },
    {
      "makerOrderId": "6749ad42812d400007c07015",
      "price": "1.413",
      "sequence": "5806531045898241",
      "side": "buy",
      "size": "0.7",
      "symbol": "VIRTUAL-USDT",
      "takerOrderId": "6749ad5e2033a500074f2ea8",
      "time": "1732881758557000000",
      "tradeId": "5806531045898241",
      "type": "match",
      "time_received": "12:02:38.5966"
    },
    {
      "makerOrderId": "6749ad5e9e4e4000079b2d65",
      "price": "1.402",
      "sequence": "5806531093084161",
      "side": "sell",
      "size": "1.4",
      "symbol": "VIRTUAL-USDT",
      "takerOrderId": "6749ad5ef61fa00007405c42",
      "time": "1732881758680000000",
      "tradeId": "5806531093084161",
      "type": "match",
      "time_received": "12:02:38.7197"
    },
    {
      "makerOrderId": "6749ad42812d400007c07015",
      "price": "1.413",
      "sequence": "5806531163076609",
      "side": "buy",
      "size": "0.7",
      "symbol": "VIRTUAL-USDT",
      "takerOrderId": "6749ad5edcdd7b0007edb8c0",
      "time": "1732881758877000000",
      "tradeId": "5806531163076609",
      "type": "match",
      "time_received": "12:02:38.9171"
    },
    {
      "makerOrderId": "6749ad42812d400007c07015",
      "price": "1.413",
      "sequence": "5806531268065281",
      "side": "buy",
      "size": "0.7",
      "symbol": "VIRTUAL-USDT",
      "takerOrderId": "6749ad5f1adbea0007868d92",
      "time": "1732881759116000000",
      "tradeId": "5806531268065281",
      "type": "match",
      "time_received": "12:02:39.1540"
    },
    {
      "makerOrderId": "6749ad5f439c100007b47e56",
      "price": "1.401",
      "sequence": "5806531353786369",
      "side": "sell",
      "size": "0.7",
      "symbol": "VIRTUAL-USDT",
      "takerOrderId": "6749ad5ff61fa00007405fc4",
      "time": "1732881759350000000",
      "tradeId": "5806531353786369",
      "type": "match",
      "time_received": "12:02:39.3906"
    },
    {
      "makerOrderId": "6749ad42812d400007c07015",
      "price": "1.413",
      "sequence": "5806531364534273",
      "side": "buy",
      "size": "0.7",
      "symbol": "VIRTUAL-USDT",
      "takerOrderId": "6749ad5fb6d508000786f3d9",
      "time": "1732881759379000000",
      "tradeId": "5806531364534273",
      "type": "match",
      "time_received": "12:02:39.4170"
    },
    {
      "makerOrderId": "6749ad42812d400007c07015",
      "price": "1.413",
      "sequence": "5806531472275457",
      "side": "buy",
      "size": "0.7",
      "symbol": "VIRTUAL-USDT",
      "takerOrderId": "6749ad5fb6d508000786f55f",
      "time": "1732881759665000000",
      "tradeId": "5806531472275457",
      "type": "match",
      "time_received": "12:02:39.7048"
    },
    {
      "makerOrderId": "6749ad5f439c100007b47e56",
      "price": "1.401",
      "sequence": "5806531488135169",
      "side": "sell",
      "size": "1.4",
      "symbol": "VIRTUAL-USDT",
      "takerOrderId": "6749ad5fb38d120007518d8e",
      "time": "1732881759697000000",
      "tradeId": "5806531488135169",
      "type": "match",
      "time_received": "12:02:39.7370"
    },
    {
      "makerOrderId": "6749ad42812d400007c07015",
      "price": "1.413",
      "sequence": "5806531543054337",
      "side": "buy",
      "size": "30.8",
      "symbol": "VIRTUAL-USDT",
      "takerOrderId": "6749ad5fb38d120007518e33",
      "time": "1732881759842000000",
      "tradeId": "5806531543054337",
      "type": "match",
      "time_received": "12:02:39.8820"
    },
    {
      "makerOrderId": "6749ad42812d400007c07015",
      "price": "1.413",
      "sequence": "5806531583817729",
      "side": "buy",
      "size": "0.7",
      "symbol": "VIRTUAL-USDT",
      "takerOrderId": "6749ad5f754b1e00078e2e91",
      "time": "1732881759905000000",
      "tradeId": "5806531583817729",
      "type": "match",
      "time_received": "12:02:39.9417"
    },
    {
      "makerOrderId": "6749ad5fa69a4c00072d2460",
      "price": "1.402",
      "sequence": "5806531630479361",
      "side": "sell",
      "size": "0.7",
      "symbol": "VIRTUAL-USDT",
      "takerOrderId": "6749ad6033b8f3000737b93e",
      "time": "1732881760037000000",
      "tradeId": "5806531630479361",
      "type": "match",
      "time_received": "12:02:40.0744"
    },
    {
      "makerOrderId": "6749ad42812d400007c07015",
      "price": "1.413",
      "sequence": "5806531660232705",
      "side": "buy",
      "size": "0.7",
      "symbol": "VIRTUAL-USDT",
      "takerOrderId": "6749ad60725fc60007dd85f9",
      "time": "1732881760130000000",
      "tradeId": "5806531660232705",
      "type": "match",
      "time_received": "12:02:40.1709"
    },
    {
      "makerOrderId": "6749ad5fa69a4c00072d2460",
      "price": "1.402",
      "sequence": "5806531723802625",
      "side": "sell",
      "size": "27.14",
      "symbol": "VIRTUAL-USDT",
      "takerOrderId": "6749ad60ef434f00076b68e4",
      "time": "1732881760307000000",
      "tradeId": "5806531723802625",
      "type": "match",
      "time_received": "12:02:40.3433"
    },
    {
      "makerOrderId": "6749ad5fb38d120007518ebb",
      "price": "1.402",
      "sequence": "5806531723802628",
      "side": "sell",
      "size": "33.44",
      "symbol": "VIRTUAL-USDT",
      "takerOrderId": "6749ad60ef434f00076b68e4",
      "time": "1732881760307000000",
      "tradeId": "5806531723802628",
      "type": "match",
      "time_received": "12:02:40.3434"
    },
    {
      "makerOrderId": "6749ad5fb38d120007518ece",
      "price": "1.402",
      "sequence": "5806531723802631",
      "side": "sell",
      "size": "34.84",
      "symbol": "VIRTUAL-USDT",
      "takerOrderId": "6749ad60ef434f00076b68e4",
      "time": "1732881760307000000",
      "tradeId": "5806531723802631",
      "type": "match",
      "time_received": "12:02:40.3435"
    },
    {
      "makerOrderId": "6749ad42812d400007c07015",
      "price": "1.413",
      "sequence": "5806531745691649",
      "side": "buy",
      "size": "0.7",
      "symbol": "VIRTUAL-USDT",
      "takerOrderId": "6749ad6033b8f3000737bab0",
      "time": "1732881760343000000",
      "tradeId": "5806531745691649",
      "type": "match",
      "time_received": "12:02:40.3785"
    },
    {
      "makerOrderId": "6749ad189e4e40000799a5d6",
      "price": "1.4",
      "sequence": "5806531747002369",
      "side": "sell",
      "size": "154.39",
      "symbol": "VIRTUAL-USDT",
      "takerOrderId": "6749ad608b053b0007c030ac",
      "time": "1732881760347000000",
      "tradeId": "5806531747002369",
      "type": "match",
      "time_received": "12:02:40.3872"
    },
    {
      "makerOrderId": "6749ad5f9e4e4000079b320e",
      "price": "1.399",
      "sequence": "5806531747002372",
      "side": "sell",
      "size": "70.89",
      "symbol": "VIRTUAL-USDT",
      "takerOrderId": "6749ad608b053b0007c030ac",
      "time": "1732881760347000000",
      "tradeId": "5806531747002372",
      "type": "match",
      "time_received": "12:02:40.3873"
    },
    {
      "makerOrderId": "6749ad0e725fc60007dbbaeb",
      "price": "1.397",
      "sequence": "5806531755259905",
      "side": "sell",
      "size": "0.7",
      "symbol": "VIRTUAL-USDT",
      "takerOrderId": "6749ad602033a500074f37eb",
      "time": "1732881760365000000",
      "tradeId": "5806531755259905",
      "type": "match",
      "time_received": "12:02:40.3993"
    },
    {
      "makerOrderId": "6749ad0e725fc60007dbbaeb",
      "price": "1.397",
      "sequence": "5806531852777473",
      "side": "sell",
      "size": "1.4",
      "symbol": "VIRTUAL-USDT",
      "takerOrderId": "6749ad60725fc60007dd8865",
      "time": "1732881760648000000",
      "tradeId": "5806531852777473",
      "type": "match",
      "time_received": "12:02:40.6897"
    },
    {
      "makerOrderId": "6749ad60725fc60007dd882a",
      "price": "1.411",
      "sequence": "5806531880302593",
      "side": "buy",
      "size": "0.7",
      "symbol": "VIRTUAL-USDT",
      "takerOrderId": "6749ad605e5d4c0007fa3d10",
      "time": "1732881760724000000",
      "tradeId": "5806531880302593",
      "type": "match",
      "time_received": "12:02:40.7622"
    },
    {
      "makerOrderId": "6749ad60b26bfb0007b2443c",
      "price": "1.413",
      "sequence": "5806532006393857",
      "side": "buy",
      "size": "0.7",
      "symbol": "VIRTUAL-USDT",
      "takerOrderId": "6749ad60a69a4c00072d2a05",
      "time": "1732881760993000000",
      "tradeId": "5806532006393857",
      "type": "match",
      "time_received": "12:02:41.0332"
    },
    {
      "makerOrderId": "6749ad615e5d4c0007fa41ce",
      "price": "1.398",
      "sequence": "5806532260018177",
      "side": "sell",
      "size": "0.76",
      "symbol": "VIRTUAL-USDT",
      "takerOrderId": "6749ad615a55500007e4bbaf",
      "time": "1732881761813000000",
      "tradeId": "5806532260018177",
      "type": "match",
      "time_received": "12:02:41.8518"
    },
    {
      "makerOrderId": "6749ad0e725fc60007dbbaeb",
      "price": "1.397",
      "sequence": "5806532260018180",
      "side": "sell",
      "size": "0.64",
      "symbol": "VIRTUAL-USDT",
      "takerOrderId": "6749ad615a55500007e4bbaf",
      "time": "1732881761813000000",
      "tradeId": "5806532260018180",
      "type": "match",
      "time_received": "12:02:41.8518"
    },
    {
      "makerOrderId": "6749ad6f8b053b0007c08d98",
      "price": "1.406",
      "sequence": "5806538323671041",
      "side": "buy",
      "size": "5.71",
      "symbol": "VIRTUAL-USDT",
      "takerOrderId": "6749ad70b38d12000751f5de",
      "time": "1732881776654000000",
      "tradeId": "5806538323671041",
      "type": "match",
      "time_received": "12:02:56.6935"
    },
    {
      "makerOrderId": "6749ad74812d400007c19544",
      "price": "1.399",
      "sequence": "5806540408895489",
      "side": "buy",
      "size": "15",
      "symbol": "VIRTUAL-USDT",
      "takerOrderId": "6749ad75754b1e00078eb4f5",
      "time": "1732881781851000000",
      "tradeId": "5806540408895489",
      "type": "match",
      "time_received": "12:03:01.8939"
    },
    {
      "makerOrderId": "6749ad74812d400007c19544",
      "price": "1.399",
      "sequence": "5806540409681921",
      "side": "buy",
      "size": "15",
      "symbol": "VIRTUAL-USDT",
      "takerOrderId": "6749ad7514a89200075ec114",
      "time": "1732881781854000000",
      "tradeId": "5806540409681921",
      "type": "match",
      "time_received": "12:03:01.8940"
    },
    {
      "makerOrderId": "6749ad74812d400007c19544",
      "price": "1.399",
      "sequence": "5806540410730497",
      "side": "buy",
      "size": "8.83",
      "symbol": "VIRTUAL-USDT",
      "takerOrderId": "6749ad75f61fa0000740e9bf",
      "time": "1732881781854000000",
      "tradeId": "5806540410730497",
      "type": "match",
      "time_received": "12:03:01.8944"
    },
    {
      "makerOrderId": "6749ad74812d400007c19544",
      "price": "1.399",
      "sequence": "5806540414138369",
      "side": "buy",
      "size": "15",
      "symbol": "VIRTUAL-USDT",
      "takerOrderId": "6749ad75439c100007b508b9",
      "time": "1732881781863000000",
      "tradeId": "5806540414138369",
      "type": "match",
      "time_received": "12:03:01.9046"
    },
    {
      "makerOrderId": "6749ad74812d400007c19544",
      "price": "1.399",
      "sequence": "5806540473251841",
      "side": "buy",
      "size": "13.93",
      "symbol": "VIRTUAL-USDT",
      "takerOrderId": "6749ad7514a89200075ec1a2",
      "time": "1732881781935000000",
      "tradeId": "5806540473251841",
      "type": "match",
      "time_received": "12:03:01.9724"
    },
    {
      "makerOrderId": "6749ad0e725fc60007dbbaeb",
      "price": "1.397",
      "sequence": "5806541387479041",
      "side": "sell",
      "size": "38.38",
      "symbol": "VIRTUAL-USDT",
      "takerOrderId": "6749ad78b6d5080007878cd7",
      "time": "1732881784240000000",
      "tradeId": "5806541387479041",
      "type": "match",
      "time_received": "12:03:04.2794"
    },
    {
      "makerOrderId": "6749ad71812d400007c17dea",
      "price": "1.397",
      "sequence": "5806541387479044",
      "side": "sell",
      "size": "493.72",
      "symbol": "VIRTUAL-USDT",
      "takerOrderId": "6749ad78b6d5080007878cd7",
      "time": "1732881784240000000",
      "tradeId": "5806541387479044",
      "type": "match",
      "time_received": "12:03:04.2795"
    },
    {
      "makerOrderId": "6749ad7214a89200075eaaf7",
      "price": "1.397",
      "sequence": "5806541387479047",
      "side": "sell",
      "size": "2.41",
      "symbol": "VIRTUAL-USDT",
      "takerOrderId": "6749ad78b6d5080007878cd7",
      "time": "1732881784240000000",
      "tradeId": "5806541387479047",
      "type": "match",
      "time_received": "12:03:04.2796"
    },
    {
      "makerOrderId": "6749ad78b6d5080007878cd7",
      "price": "1.39",
      "sequence": "5806541392984065",
      "side": "buy",
      "size": "25",
      "symbol": "VIRTUAL-USDT",
      "takerOrderId": "6749ad78725fc60007de1a82",
      "time": "1732881784264000000",
      "tradeId": "5806541392984065",
      "type": "match",
      "time_received": "12:03:04.3044"
    },
    {
      "makerOrderId": "6749ad78b6d5080007878cd7",
      "price": "1.39",
      "sequence": "5806541393246209",
      "side": "buy",
      "size": "20.83",
      "symbol": "VIRTUAL-USDT",
      "takerOrderId": "6749ad78e21c74000768cb43",
      "time": "1732881784265000000",
      "tradeId": "5806541393246209",
      "type": "match",
      "time_received": "12:03:04.3044"
    },
    {
      "makerOrderId": "6749ad78b6d5080007878cd7",
      "price": "1.39",
      "sequence": "5806541394032641",
      "side": "buy",
      "size": "7.5",
      "symbol": "VIRTUAL-USDT",
      "takerOrderId": "6749ad78e21c74000768cb45",
      "time": "1732881784266000000",
      "tradeId": "5806541394032641",
      "type": "match",
      "time_received": "12:03:04.3046"
    },
    {
      "makerOrderId": "6749ad78b6d5080007878cd7",
      "price": "1.39",
      "sequence": "5806541394163713",
      "side": "buy",
      "size": "7.5",
      "symbol": "VIRTUAL-USDT",
      "takerOrderId": "6749ad78754b1e00078ec377",
      "time": "1732881784266000000",
      "tradeId": "5806541394163713",
      "type": "match",
      "time_received": "12:03:04.3049"
    },
    {
      "makerOrderId": "6749ad78b6d5080007878cd7",
      "price": "1.39",
      "sequence": "5806541394950145",
      "side": "buy",
      "size": "20.83",
      "symbol": "VIRTUAL-USDT",
      "takerOrderId": "6749ad78754b1e00078ec382",
      "time": "1732881784269000000",
      "tradeId": "5806541394950145",
      "type": "match",
      "time_received": "12:03:04.3144"
    },
    {
      "makerOrderId": "6749ad78b6d5080007878cd7",
      "price": "1.39",
      "sequence": "5806541395081217",
      "side": "buy",
      "size": "20.83",
      "symbol": "VIRTUAL-USDT",
      "takerOrderId": "6749ad78ef434f00076bfd43",
      "time": "1732881784269000000",
      "tradeId": "5806541395081217",
      "type": "match",
      "time_received": "12:03:04.3145"
    },
    {
      "makerOrderId": "6749ad78b6d5080007878cd7",
      "price": "1.39",
      "sequence": "5806541395212289",
      "side": "buy",
      "size": "7.5",
      "symbol": "VIRTUAL-USDT",
      "takerOrderId": "6749ad78dcdd7b0007ee5279",
      "time": "1732881784269000000",
      "tradeId": "5806541395212289",
      "type": "match",
      "time_received": "12:03:04.3146"
    },
    {
      "makerOrderId": "6749ad78b6d5080007878cd7",
      "price": "1.39",
      "sequence": "5806541395998721",
      "side": "buy",
      "size": "7.5",
      "symbol": "VIRTUAL-USDT",
      "takerOrderId": "6749ad7814a89200075ecf43",
      "time": "1732881784270000000",
      "tradeId": "5806541395998721",
      "type": "match",
      "time_received": "12:03:04.3146"
    },
    {
      "makerOrderId": "6749ad78b6d5080007878cd7",
      "price": "1.39",
      "sequence": "5806541396260865",
      "side": "buy",
      "size": "20.83",
      "symbol": "VIRTUAL-USDT",
      "takerOrderId": "6749ad78b38d1200075224fa",
      "time": "1732881784270000000",
      "tradeId": "5806541396260865",
      "type": "match",
      "time_received": "12:03:04.3146"
    },
    {
      "makerOrderId": "6749ad78b6d5080007878cd7",
      "price": "1.39",
      "sequence": "5806541396391937",
      "side": "buy",
      "size": "113.29",
      "symbol": "VIRTUAL-USDT",
      "takerOrderId": "6749ad781adbea00078726ed",
      "time": "1732881784270000000",
      "tradeId": "5806541396391937",
      "type": "match",
      "time_received": "12:03:04.3147"
    },
    {
      "makerOrderId": "6749ad78b6d5080007878cd7",
      "price": "1.39",
      "sequence": "5806541396523009",
      "side": "buy",
      "size": "7.5",
      "symbol": "VIRTUAL-USDT",
      "takerOrderId": "6749ad788b053b0007c0c480",
      "time": "1732881784270000000",
      "tradeId": "5806541396523009",
      "type": "match",
      "time_received": "12:03:04.3147"
    },
    {
      "makerOrderId": "6749ad78b6d5080007878cd7",
      "price": "1.39",
      "sequence": "5806541396916225",
      "side": "buy",
      "size": "7.5",
      "symbol": "VIRTUAL-USDT",
      "takerOrderId": "6749ad78b38d120007522501",
      "time": "1732881784272000000",
      "tradeId": "5806541396916225",
      "type": "match",
      "time_received": "12:03:04.3147"
    },
    {
      "makerOrderId": "6749ad78b6d5080007878cd7",
      "price": "1.39",
      "sequence": "5806541397571585",
      "side": "buy",
      "size": "20.83",
      "symbol": "VIRTUAL-USDT",
      "takerOrderId": "6749ad78439c100007b51703",
      "time": "1732881784274000000",
      "tradeId": "5806541397571585",
      "type": "match",
      "time_received": "12:03:04.3147"
    },
    {
      "makerOrderId": "6749ad78b6d5080007878cd7",
      "price": "1.39",
      "sequence": "5806541397833729",
      "side": "buy",
      "size": "20.83",
      "symbol": "VIRTUAL-USDT",
      "takerOrderId": "6749ad78e21c74000768cb4f",
      "time": "1732881784275000000",
      "tradeId": "5806541397833729",
      "type": "match",
      "time_received": "12:03:04.3220"
    },
    {
      "makerOrderId": "6749ad78b6d5080007878cd7",
      "price": "1.39",
      "sequence": "5806541398751233",
      "side": "buy",
      "size": "20.83",
      "symbol": "VIRTUAL-USDT",
      "takerOrderId": "6749ad78812d400007c1aa3b",
      "time": "1732881784278000000",
      "tradeId": "5806541398751233",
      "type": "match",
      "time_received": "12:03:04.3221"
    },
    {
      "makerOrderId": "6749ad78b6d5080007878cd7",
      "price": "1.39",
      "sequence": "5806541401241601",
      "side": "buy",
      "size": "20.83",
      "symbol": "VIRTUAL-USDT",
      "takerOrderId": "6749ad782033a500074fc9a1",
      "time": "1732881784286000000",
      "tradeId": "5806541401241601",
      "type": "match",
      "time_received": "12:03:04.3259"
    },
    {
      "makerOrderId": "6749ad78b6d5080007878cd7",
      "price": "1.39",
      "sequence": "5806541402683393",
      "side": "buy",
      "size": "7.5",
      "symbol": "VIRTUAL-USDT",
      "takerOrderId": "6749ad781adbea0007872709",
      "time": "1732881784291000000",
      "tradeId": "5806541402683393",
      "type": "match",
      "time_received": "12:03:04.3308"
    },
    {
      "makerOrderId": "6749ad78b6d5080007878cd7",
      "price": "1.39",
      "sequence": "5806541404256257",
      "side": "buy",
      "size": "9.94",
      "symbol": "VIRTUAL-USDT",
      "takerOrderId": "6749ad78439c100007b51729",
      "time": "1732881784295000000",
      "tradeId": "5806541404256257",
      "type": "match",
      "time_received": "12:03:04.3308"
    },
    {
      "makerOrderId": "6749ad78b6d5080007878cd7",
      "price": "1.39",
      "sequence": "5806541404387329",
      "side": "buy",
      "size": "22.69",
      "symbol": "VIRTUAL-USDT",
      "takerOrderId": "6749ad78dcdd7b0007ee5296",
      "time": "1732881784295000000",
      "tradeId": "5806541404387329",
      "type": "match",
      "time_received": "12:03:04.3309"
    },
    {
      "makerOrderId": "6749ad78b6d5080007878cd7",
      "price": "1.39",
      "sequence": "5806541405173761",
      "side": "buy",
      "size": "2.96",
      "symbol": "VIRTUAL-USDT",
      "takerOrderId": "6749ad78754b1e00078ec39b",
      "time": "1732881784297000000",
      "tradeId": "5806541405173761",
      "type": "match",
      "time_received": "12:03:04.3396"
    },
    {
      "makerOrderId": "6749ad78b6d5080007878cd7",
      "price": "1.39",
      "sequence": "5806541405304833",
      "side": "buy",
      "size": "7.5",
      "symbol": "VIRTUAL-USDT",
      "takerOrderId": "6749ad785e5d4c0007face8a",
      "time": "1732881784297000000",
      "tradeId": "5806541405304833",
      "type": "match",
      "time_received": "12:03:04.3397"
    },
    {
      "makerOrderId": "6749ad78b6d5080007878cd7",
      "price": "1.39",
      "sequence": "5806541406877697",
      "side": "buy",
      "size": "2.43",
      "symbol": "VIRTUAL-USDT",
      "takerOrderId": "6749ad78812d400007c1aa55",
      "time": "1732881784301000000",
      "tradeId": "5806541406877697",
      "type": "match",
      "time_received": "12:03:04.3398"
    },
    {
      "makerOrderId": "6749ad78b6d5080007878cd7",
      "price": "1.39",
      "sequence": "5806541407795201",
      "side": "buy",
      "size": "20.83",
      "symbol": "VIRTUAL-USDT",
      "takerOrderId": "6749ad78b6d5080007878d3e",
      "time": "1732881784304000000",
      "tradeId": "5806541407795201",
      "type": "match",
      "time_received": "12:03:04.3536"
    },
    {
      "makerOrderId": "6749ad78b6d5080007878cd7",
      "price": "1.39",
      "sequence": "5806541409368065",
      "side": "buy",
      "size": "7.5",
      "symbol": "VIRTUAL-USDT",
      "takerOrderId": "6749ad78b38d12000752252d",
      "time": "1732881784308000000",
      "tradeId": "5806541409368065",
      "type": "match",
      "time_received": "12:03:04.3537"
    },
    {
      "makerOrderId": "6749ad78b6d5080007878cd7",
      "price": "1.39",
      "sequence": "5806541410154497",
      "side": "buy",
      "size": "7.5",
      "symbol": "VIRTUAL-USDT",
      "takerOrderId": "6749ad788b053b0007c0c4b4",
      "time": "1732881784310000000",
      "tradeId": "5806541410154497",
      "type": "match",
      "time_received": "12:03:04.3538"
    },
    {
      "makerOrderId": "6749ad78b6d5080007878cd7",
      "price": "1.39",
      "sequence": "5806541410940929",
      "side": "buy",
      "size": "7.5",
      "symbol": "VIRTUAL-USDT",
      "takerOrderId": "6749ad789e4e4000079bcba5",
      "time": "1732881784314000000",
      "tradeId": "5806541410940929",
      "type": "match",
      "time_received": "12:03:04.3538"
    },
    {
      "makerOrderId": "6749ad78b6d5080007878cd7",
      "price": "1.39",
      "sequence": "5806541411072001",
      "side": "buy",
      "size": "7.5",
      "symbol": "VIRTUAL-USDT",
      "takerOrderId": "6749ad78b6d5080007878d4b",
      "time": "1732881784314000000",
      "tradeId": "5806541411072001",
      "type": "match",
      "time_received": "12:03:04.3539"
    },
    {
      "makerOrderId": "6749ad78b6d5080007878cd7",
      "price": "1.39",
      "sequence": "5806541411203073",
      "side": "buy",
      "size": "7.5",
      "symbol": "VIRTUAL-USDT",
      "takerOrderId": "6749ad78725fc60007de1aab",
      "time": "1732881784314000000",
      "tradeId": "5806541411203073",
      "type": "match",
      "time_received": "12:03:04.3539"
    },
    {
      "makerOrderId": "6749ad78b6d5080007878cd7",
      "price": "1.39",
      "sequence": "5806541411596289",
      "side": "buy",
      "size": "28.5",
      "symbol": "VIRTUAL-USDT",
      "takerOrderId": "6749ad78ef434f00076bfd7c",
      "time": "1732881784314000000",
      "tradeId": "5806541411596289",
      "type": "match",
      "time_received": "12:03:04.3539"
    },
    {
      "makerOrderId": "6749ad78b6d5080007878cd7",
      "price": "1.39",
      "sequence": "5806541412382721",
      "side": "buy",
      "size": "28.5",
      "symbol": "VIRTUAL-USDT",
      "takerOrderId": "6749ad785e5d4c0007face9f",
      "time": "1732881784316000000",
      "tradeId": "5806541412382721",
      "type": "match",
      "time_received": "12:03:04.3740"
    },
    {
      "makerOrderId": "6749ad78b6d5080007878cd7",
      "price": "1.39",
      "sequence": "5806541413300225",
      "side": "buy",
      "size": "28.5",
      "symbol": "VIRTUAL-USDT",
      "takerOrderId": "6749ad789e4e4000079bcbb5",
      "time": "1732881784319000000",
      "tradeId": "5806541413300225",
      "type": "match",
      "time_received": "12:03:04.3741"
    },
    {
      "makerOrderId": "6749ad78b6d5080007878cd7",
      "price": "1.39",
      "sequence": "5806541413693441",
      "side": "buy",
      "size": "28.5",
      "symbol": "VIRTUAL-USDT",
      "takerOrderId": "6749ad782033a500074fc9d3",
      "time": "1732881784319000000",
      "tradeId": "5806541413693441",
      "type": "match",
      "time_received": "12:03:04.3742"
    },
    {
      "makerOrderId": "6749ad78b6d5080007878cd7",
      "price": "1.39",
      "sequence": "5806541414348801",
      "side": "buy",
      "size": "28.5",
      "symbol": "VIRTUAL-USDT",
      "takerOrderId": "6749ad78a69a4c00072dbb7c",
      "time": "1732881784322000000",
      "tradeId": "5806541414348801",
      "type": "match",
      "time_received": "12:03:04.3742"
    },
    {
      "makerOrderId": "6749ad78b6d5080007878cd7",
      "price": "1.39",
      "sequence": "5806541415528449",
      "side": "buy",
      "size": "7.5",
      "symbol": "VIRTUAL-USDT",
      "takerOrderId": "6749ad78ef434f00076bfd89",
      "time": "1732881784325000000",
      "tradeId": "5806541415528449",
      "type": "match",
      "time_received": "12:03:04.3742"
    },
    {
      "makerOrderId": "6749ad78b6d5080007878cd7",
      "price": "1.39",
      "sequence": "5806541415790593",
      "side": "buy",
      "size": "7.5",
      "symbol": "VIRTUAL-USDT",
      "takerOrderId": "6749ad78439c100007b51744",
      "time": "1732881784325000000",
      "tradeId": "5806541415790593",
      "type": "match",
      "time_received": "12:03:04.3743"
    },
    {
      "makerOrderId": "6749ad78b6d5080007878cd7",
      "price": "1.39",
      "sequence": "5806541417101313",
      "side": "buy",
      "size": "7.5",
      "symbol": "VIRTUAL-USDT",
      "takerOrderId": "6749ad78812d400007c1aa86",
      "time": "1732881784328000000",
      "tradeId": "5806541417101313",
      "type": "match",
      "time_received": "12:03:04.3743"
    },
    {
      "makerOrderId": "6749ad78b6d5080007878cd7",
      "price": "1.39",
      "sequence": "5806541417232385",
      "side": "buy",
      "size": "7.5",
      "symbol": "VIRTUAL-USDT",
      "takerOrderId": "6749ad78725fc60007de1ad3",
      "time": "1732881784328000000",
      "tradeId": "5806541417232385",
      "type": "match",
      "time_received": "12:03:04.3743"
    },
    {
      "makerOrderId": "6749ad78b6d5080007878cd7",
      "price": "1.39",
      "sequence": "5806541417625601",
      "side": "buy",
      "size": "7.5",
      "symbol": "VIRTUAL-USDT",
      "takerOrderId": "6749ad78b6d5080007878d65",
      "time": "1732881784330000000",
      "tradeId": "5806541417625601",
      "type": "match",
      "time_received": "12:03:04.3743"
    },
    {
      "makerOrderId": "6749ad78b6d5080007878cd7",
      "price": "1.39",
      "sequence": "5806541418149889",
      "side": "buy",
      "size": "5",
      "symbol": "VIRTUAL-USDT",
      "takerOrderId": "6749ad78812d400007c1aa8a",
      "time": "1732881784332000000",
      "tradeId": "5806541418149889",
      "type": "match",
      "time_received": "12:03:04.3744"
    },
    {
      "makerOrderId": "6749ad78b6d5080007878cd7",
      "price": "1.39",
      "sequence": "5806541418936321",
      "side": "buy",
      "size": "7.5",
      "symbol": "VIRTUAL-USDT",
      "takerOrderId": "6749ad785e5d4c0007faceb4",
      "time": "1732881784335000000",
      "tradeId": "5806541418936321",
      "type": "match",
      "time_received": "12:03:04.3744"
    },
    {
      "makerOrderId": "6749ad78b6d5080007878cd7",
      "price": "1.39",
      "sequence": "5806541420115969",
      "side": "buy",
      "size": "7.5",
      "symbol": "VIRTUAL-USDT",
      "takerOrderId": "6749ad781adbea0007872742",
      "time": "1732881784337000000",
      "tradeId": "5806541420115969",
      "type": "match",
      "time_received": "12:03:04.3765"
    },
    {
      "makerOrderId": "6749ad78b6d5080007878cd7",
      "price": "1.39",
      "sequence": "5806541420247041",
      "side": "buy",
      "size": "28.5",
      "symbol": "VIRTUAL-USDT",
      "takerOrderId": "6749ad7833b8f30007384e81",
      "time": "1732881784337000000",
      "tradeId": "5806541420247041",
      "type": "match",
      "time_received": "12:03:04.3766"
    },
    {
      "makerOrderId": "6749ad78b6d5080007878cd7",
      "price": "1.39",
      "sequence": "5806541420378113",
      "side": "buy",
      "size": "20.37",
      "symbol": "VIRTUAL-USDT",
      "takerOrderId": "6749ad7833b8f30007384e83",
      "time": "1732881784337000000",
      "tradeId": "5806541420378113",
      "type": "match",
      "time_received": "12:03:04.3766"
    },
    {
      "makerOrderId": "6749ad78b6d5080007878cd7",
      "price": "1.39",
      "sequence": "5806541421033473",
      "side": "buy",
      "size": "7.5",
      "symbol": "VIRTUAL-USDT",
      "takerOrderId": "6749ad78812d400007c1aa94",
      "time": "1732881784339000000",
      "tradeId": "5806541421033473",
      "type": "match",
      "time_received": "12:03:04.3771"
    },
    {
      "makerOrderId": "6749ad78b6d5080007878cd7",
      "price": "1.39",
      "sequence": "5806541421819905",
      "side": "buy",
      "size": "28.5",
      "symbol": "VIRTUAL-USDT",
      "takerOrderId": "6749ad78e21c74000768cba2",
      "time": "1732881784341000000",
      "tradeId": "5806541421819905",
      "type": "match",
      "time_received": "12:03:04.3771"
    },
    {
      "makerOrderId": "6749ad78b6d5080007878cd7",
      "price": "1.39",
      "sequence": "5806541422213121",
      "side": "buy",
      "size": "28.5",
      "symbol": "VIRTUAL-USDT",
      "takerOrderId": "6749ad78e21c74000768cba5",
      "time": "1732881784342000000",
      "tradeId": "5806541422213121",
      "type": "match",
      "time_received": "12:03:04.3771"
    },
    {
      "makerOrderId": "6749ad78b6d5080007878cd7",
      "price": "1.39",
      "sequence": "5806541423654913",
      "side": "buy",
      "size": "2.43",
      "symbol": "VIRTUAL-USDT",
      "takerOrderId": "6749ad78439c100007b51751",
      "time": "1732881784346000000",
      "tradeId": "5806541423654913",
      "type": "match",
      "time_received": "12:03:04.3848"
    },
    {
      "makerOrderId": "6749ad78b6d5080007878cd7",
      "price": "1.39",
      "sequence": "5806541423917057",
      "side": "buy",
      "size": "28.5",
      "symbol": "VIRTUAL-USDT",
      "takerOrderId": "6749ad78725fc60007de1af8",
      "time": "1732881784346000000",
      "tradeId": "5806541423917057",
      "type": "match",
      "time_received": "12:03:04.3849"
    },
    {
      "makerOrderId": "6749ad78b6d5080007878cd7",
      "price": "1.39",
      "sequence": "5806541425096705",
      "side": "buy",
      "size": "16.49",
      "symbol": "VIRTUAL-USDT",
      "takerOrderId": "6749ad78b26bfb0007b2d6a6",
      "time": "1732881784351000000",
      "tradeId": "5806541425096705",
      "type": "match",
      "time_received": "12:03:04.3926"
    },
    {
      "makerOrderId": "6749ad78b6d5080007878cd7",
      "price": "1.39",
      "sequence": "5806541425227777",
      "side": "buy",
      "size": "23.04",
      "symbol": "VIRTUAL-USDT",
      "takerOrderId": "6749ad78dcdd7b0007ee52df",
      "time": "1732881784351000000",
      "tradeId": "5806541425227777",
      "type": "match",
      "time_received": "12:03:04.3928"
    },
    {
      "makerOrderId": "6749ad78b6d5080007878cd7",
      "price": "1.39",
      "sequence": "5806541425883137",
      "side": "buy",
      "size": "28.5",
      "symbol": "VIRTUAL-USDT",
      "takerOrderId": "6749ad781adbea0007872753",
      "time": "1732881784352000000",
      "tradeId": "5806541425883137",
      "type": "match",
      "time_received": "12:03:04.3929"
    },
    {
      "makerOrderId": "6749ad78b6d5080007878cd7",
      "price": "1.39",
      "sequence": "5806541426669569",
      "side": "buy",
      "size": "9",
      "symbol": "VIRTUAL-USDT",
      "takerOrderId": "6749ad78a69a4c00072dbba3",
      "time": "1732881784354000000",
      "tradeId": "5806541426669569",
      "type": "match",
      "time_received": "12:03:04.3940"
    },
    {
      "makerOrderId": "6749ad78b6d5080007878cd7",
      "price": "1.39",
      "sequence": "5806541427193857",
      "side": "buy",
      "size": "10",
      "symbol": "VIRTUAL-USDT",
      "takerOrderId": "6749ad785e5d4c0007faced2",
      "time": "1732881784357000000",
      "tradeId": "5806541427193857",
      "type": "match",
      "time_received": "12:03:04.3988"
    },
    {
      "makerOrderId": "6749ad78b6d5080007878cd7",
      "price": "1.39",
      "sequence": "5806541427324929",
      "side": "buy",
      "size": "9",
      "symbol": "VIRTUAL-USDT",
      "takerOrderId": "6749ad78a69a4c00072dbbae",
      "time": "1732881784357000000",
      "tradeId": "5806541427324929",
      "type": "match",
      "time_received": "12:03:04.3990"
    },
    {
      "makerOrderId": "6749ad78b6d5080007878cd7",
      "price": "1.39",
      "sequence": "5806541427587073",
      "side": "buy",
      "size": "12.29",
      "symbol": "VIRTUAL-USDT",
      "takerOrderId": "6749ad789e4e4000079bcbea",
      "time": "1732881784359000000",
      "tradeId": "5806541427587073",
      "type": "match",
      "time_received": "12:03:04.3990"
    },
    {
      "makerOrderId": "6749ad78b6d5080007878cd7",
      "price": "1.39",
      "sequence": "5806541428242433",
      "side": "buy",
      "size": "12.29",
      "symbol": "VIRTUAL-USDT",
      "takerOrderId": "6749ad78b38d120007522562",
      "time": "1732881784360000000",
      "tradeId": "5806541428242433",
      "type": "match",
      "time_received": "12:03:04.3992"
    },
    {
      "makerOrderId": "6749ad78b6d5080007878cd7",
      "price": "1.39",
      "sequence": "5806541429159937",
      "side": "buy",
      "size": "11",
      "symbol": "VIRTUAL-USDT",
      "takerOrderId": "6749ad78b6d5080007878d8c",
      "time": "1732881784362000000",
      "tradeId": "5806541429159937",
      "type": "match",
      "time_received": "12:03:04.3992"
    },
    {
      "makerOrderId": "6749ad78b6d5080007878cd7",
      "price": "1.39",
      "sequence": "5806541429291009",
      "side": "buy",
      "size": "12.29",
      "symbol": "VIRTUAL-USDT",
      "takerOrderId": "6749ad781adbea0007872764",
      "time": "1732881784362000000",
      "tradeId": "5806541429291009",
      "type": "match",
      "time_received": "12:03:04.3993"
    },
    {
      "makerOrderId": "6749ad78b6d5080007878cd7",
      "price": "1.39",
      "sequence": "5806541430732801",
      "side": "buy",
      "size": "12.29",
      "symbol": "VIRTUAL-USDT",
      "takerOrderId": "6749ad78b6d5080007878d91",
      "time": "1732881784364000000",
      "tradeId": "5806541430732801",
      "type": "match",
      "time_received": "12:03:04.4074"
    },
    {
      "makerOrderId": "6749ad78b6d5080007878cd7",
      "price": "1.39",
      "sequence": "5806541430994945",
      "side": "buy",
      "size": "4.6",
      "symbol": "VIRTUAL-USDT",
      "takerOrderId": "6749ad782033a500074fca11",
      "time": "1732881784364000000",
      "tradeId": "5806541430994945",
      "type": "match",
      "time_received": "12:03:04.4075"
    },
    {
      "makerOrderId": "6749ad78b6d5080007878cd7",
      "price": "1.39",
      "sequence": "5806541431126017",
      "side": "buy",
      "size": "22.2",
      "symbol": "VIRTUAL-USDT",
      "takerOrderId": "6749ad7814a89200075ecfa7",
      "time": "1732881784364000000",
      "tradeId": "5806541431126017",
      "type": "match",
      "time_received": "12:03:04.4075"
    },
    {
      "makerOrderId": "6749ad78b6d5080007878cd7",
      "price": "1.39",
      "sequence": "5806541431388161",
      "side": "buy",
      "size": "15.83",
      "symbol": "VIRTUAL-USDT",
      "takerOrderId": "6749ad78ef434f00076bfdc8",
      "time": "1732881784365000000",
      "tradeId": "5806541431388161",
      "type": "match",
      "time_received": "12:03:04.4076"
    },
    {
      "makerOrderId": "6749ad78b6d5080007878cd7",
      "price": "1.39",
      "sequence": "5806541431519233",
      "side": "buy",
      "size": "7.5",
      "symbol": "VIRTUAL-USDT",
      "takerOrderId": "6749ad78a69a4c00072dbbb9",
      "time": "1732881784366000000",
      "tradeId": "5806541431519233",
      "type": "match",
      "time_received": "12:03:04.4076"
    },
    {
      "makerOrderId": "6749ad78b6d5080007878cd7",
      "price": "1.39",
      "sequence": "5806541431781377",
      "side": "buy",
      "size": "20",
      "symbol": "VIRTUAL-USDT",
      "takerOrderId": "6749ad78b26bfb0007b2d6c3",
      "time": "1732881784366000000",
      "tradeId": "5806541431781377",
      "type": "match",
      "time_received": "12:03:04.4077"
    },
    {
      "makerOrderId": "6749ad78b6d5080007878cd7",
      "price": "1.39",
      "sequence": "5806541433747457",
      "side": "buy",
      "size": "20",
      "symbol": "VIRTUAL-USDT",
      "takerOrderId": "6749ad785e5d4c0007faceef",
      "time": "1732881784371000000",
      "tradeId": "5806541433747457",
      "type": "match",
      "time_received": "12:03:04.4102"
    },
    {
      "makerOrderId": "6749ad78b6d5080007878cd7",
      "price": "1.39",
      "sequence": "5806541434271745",
      "side": "buy",
      "size": "22.2",
      "symbol": "VIRTUAL-USDT",
      "takerOrderId": "6749ad781adbea0007872775",
      "time": "1732881784372000000",
      "tradeId": "5806541434271745",
      "type": "match",
      "time_received": "12:03:04.4104"
    },
    {
      "makerOrderId": "6749ad78b6d5080007878cd7",
      "price": "1.39",
      "sequence": "5806541434533889",
      "side": "buy",
      "size": "22.2",
      "symbol": "VIRTUAL-USDT",
      "takerOrderId": "6749ad78b26bfb0007b2d6cf",
      "time": "1732881784374000000",
      "tradeId": "5806541434533889",
      "type": "match",
      "time_received": "12:03:04.4105"
    },
    {
      "makerOrderId": "6749ad78b6d5080007878cd7",
      "price": "1.39",
      "sequence": "5806541434927105",
      "side": "buy",
      "size": "9.81",
      "symbol": "VIRTUAL-USDT",
      "takerOrderId": "6749ad78a69a4c00072dbbd0",
      "time": "1732881784376000000",
      "tradeId": "5806541434927105",
      "type": "match",
      "time_received": "12:03:04.4170"
    },
    {
      "makerOrderId": "6749ad78b6d5080007878cd7",
      "price": "1.39",
      "sequence": "5806541436499969",
      "side": "buy",
      "size": "11.7",
      "symbol": "VIRTUAL-USDT",
      "takerOrderId": "6749ad78e21c74000768cbd5",
      "time": "1732881784380000000",
      "tradeId": "5806541436499969",
      "type": "match",
      "time_received": "12:03:04.4171"
    },
    {
      "makerOrderId": "6749ad78b6d5080007878cd7",
      "price": "1.39",
      "sequence": "5806541436631041",
      "side": "buy",
      "size": "11.7",
      "symbol": "VIRTUAL-USDT",
      "takerOrderId": "6749ad7814a89200075ecfc2",
      "time": "1732881784380000000",
      "tradeId": "5806541436631041",
      "type": "match",
      "time_received": "12:03:04.4173"
    },
    {
      "makerOrderId": "6749ad78b6d5080007878cd7",
      "price": "1.39",
      "sequence": "5806541437941761",
      "side": "buy",
      "size": "20",
      "symbol": "VIRTUAL-USDT",
      "takerOrderId": "6749ad7814a89200075ecfcb",
      "time": "1732881784383000000",
      "tradeId": "5806541437941761",
      "type": "match",
      "time_received": "12:03:04.4259"
    },
    {
      "makerOrderId": "6749ad78b6d5080007878cd7",
      "price": "1.39",
      "sequence": "5806541438203905",
      "side": "buy",
      "size": "15.6",
      "symbol": "VIRTUAL-USDT",
      "takerOrderId": "6749ad78b26bfb0007b2d6e1",
      "time": "1732881784383000000",
      "tradeId": "5806541438203905",
      "type": "match",
      "time_received": "12:03:04.4259"
    },
    {
      "makerOrderId": "6749ad78b6d5080007878cd7",
      "price": "1.39",
      "sequence": "5806541438728193",
      "side": "buy",
      "size": "15.6",
      "symbol": "VIRTUAL-USDT",
      "takerOrderId": "6749ad782033a500074fca3a",
      "time": "1732881784385000000",
      "tradeId": "5806541438728193",
      "type": "match",
      "time_received": "12:03:04.4261"
    },
    {
      "makerOrderId": "6749ad78b6d5080007878cd7",
      "price": "1.39",
      "sequence": "5806541440956417",
      "side": "buy",
      "size": "11.7",
      "symbol": "VIRTUAL-USDT",
      "takerOrderId": "6749ad782033a500074fca41",
      "time": "1732881784389000000",
      "tradeId": "5806541440956417",
      "type": "match",
      "time_received": "12:03:04.4262"
    },
    {
      "makerOrderId": "6749ad78b6d5080007878cd7",
      "price": "1.39",
      "sequence": "5806541441742849",
      "side": "buy",
      "size": "15.6",
      "symbol": "VIRTUAL-USDT",
      "takerOrderId": "6749ad7833b8f30007384ec9",
      "time": "1732881784392000000",
      "tradeId": "5806541441742849",
      "type": "match",
      "time_received": "12:03:04.4297"
    },
    {
      "makerOrderId": "6749ad78b6d5080007878cd7",
      "price": "1.39",
      "sequence": "5806541442004993",
      "side": "buy",
      "size": "20",
      "symbol": "VIRTUAL-USDT",
      "takerOrderId": "6749ad788b053b0007c0c51f",
      "time": "1732881784394000000",
      "tradeId": "5806541442004993",
      "type": "match",
      "time_received": "12:03:04.4298"
    },
    {
      "makerOrderId": "6749ad78b6d5080007878cd7",
      "price": "1.39",
      "sequence": "5806541442398209",
      "side": "buy",
      "size": "340.38",
      "symbol": "VIRTUAL-USDT",
      "takerOrderId": "6749ad78dcdd7b0007ee5314",
      "time": "1732881784394000000",
      "tradeId": "5806541442398209",
      "type": "match",
      "time_received": "12:03:04.4298"
    },
    {
      "makerOrderId": "6749ad78b38d12000752257e",
      "price": "1.397",
      "sequence": "5806541444888577",
      "side": "buy",
      "size": "20",
      "symbol": "VIRTUAL-USDT",
      "takerOrderId": "6749ad78439c100007b517a8",
      "time": "1732881784402000000",
      "tradeId": "5806541444888577",
      "type": "match",
      "time_received": "12:03:04.4436"
    },
    {
      "makerOrderId": "6749ad78b38d12000752257e",
      "price": "1.397",
      "sequence": "5806541445281793",
      "side": "buy",
      "size": "12",
      "symbol": "VIRTUAL-USDT",
      "takerOrderId": "6749ad78e21c74000768cbf6",
      "time": "1732881784404000000",
      "tradeId": "5806541445281793",
      "type": "match",
      "time_received": "12:03:04.4437"
    },
    {
      "makerOrderId": "6749ad78b38d12000752257e",
      "price": "1.397",
      "sequence": "5806541448427521",
      "side": "buy",
      "size": "20",
      "symbol": "VIRTUAL-USDT",
      "takerOrderId": "6749ad78f61fa0000740f921",
      "time": "1732881784413000000",
      "tradeId": "5806541448427521",
      "type": "match",
      "time_received": "12:03:04.4466"
    },
    {
      "makerOrderId": "6749ad78b38d12000752257e",
      "price": "1.397",
      "sequence": "5806541450000385",
      "side": "buy",
      "size": "76",
      "symbol": "VIRTUAL-USDT",
      "takerOrderId": "6749ad78754b1e00078ec439",
      "time": "1732881784417000000",
      "tradeId": "5806541450000385",
      "type": "match",
      "time_received": "12:03:04.4567"
    },
    {
      "makerOrderId": "6749ad78b38d12000752257e",
      "price": "1.397",
      "sequence": "5806541450262529",
      "side": "buy",
      "size": "60",
      "symbol": "VIRTUAL-USDT",
      "takerOrderId": "6749ad789e4e4000079bcc3a",
      "time": "1732881784418000000",
      "tradeId": "5806541450262529",
      "type": "match",
      "time_received": "12:03:04.4570"
    },
    {
      "makerOrderId": "6749ad78b38d12000752257e",
      "price": "1.397",
      "sequence": "5806541453146113",
      "side": "buy",
      "size": "16",
      "symbol": "VIRTUAL-USDT",
      "takerOrderId": "6749ad782033a500074fca72",
      "time": "1732881784425000000",
      "tradeId": "5806541453146113",
      "type": "match",
      "time_received": "12:03:04.4631"
    },
    {
      "makerOrderId": "6749ad78b38d12000752257e",
      "price": "1.397",
      "sequence": "5806541454325761",
      "side": "buy",
      "size": "76",
      "symbol": "VIRTUAL-USDT",
      "takerOrderId": "6749ad785e5d4c0007facf37",
      "time": "1732881784427000000",
      "tradeId": "5806541454325761",
      "type": "match",
      "time_received": "12:03:04.4680"
    },
    {
      "makerOrderId": "6749ad78b38d12000752257e",
      "price": "1.397",
      "sequence": "5806542083602433",
      "side": "buy",
      "size": "407.19",
      "symbol": "VIRTUAL-USDT",
      "takerOrderId": "6749ad79f61fa00007410526",
      "time": "1732881785734000000",
      "tradeId": "5806542083602433",
      "type": "match",
      "time_received": "12:03:05.7727"
    },
    {
      "makerOrderId": "6749ad78b38d12000752257e",
      "price": "1.397",
      "sequence": "5806543759095809",
      "side": "buy",
      "size": "8.48",
      "symbol": "VIRTUAL-USDT",
      "takerOrderId": "6749ad7db26bfb0007b2fddf",
      "time": "1732881789963000000",
      "tradeId": "5806543759095809",
      "type": "match",
      "time_received": "12:03:09.9981"
    },
    {
      "makerOrderId": "6749ad7eb26bfb0007b2fef9",
      "price": "1.396",
      "sequence": "5806543867623425",
      "side": "buy",
      "size": "35.6",
      "symbol": "VIRTUAL-USDT",
      "takerOrderId": "6749ad7e33b8f30007387647",
      "time": "1732881790280000000",
      "tradeId": "5806543867623425",
      "type": "match",
      "time_received": "12:03:10.3178"
    },
    {
      "makerOrderId": "6749ad7e1adbea0007874ed8",
      "price": "1.396",
      "sequence": "5806543867623428",
      "side": "buy",
      "size": "35.54",
      "symbol": "VIRTUAL-USDT",
      "takerOrderId": "6749ad7e33b8f30007387647",
      "time": "1732881790280000000",
      "tradeId": "5806543867623428",
      "type": "match",
      "time_received": "12:03:10.3179"
    },
    {
      "makerOrderId": "6749ad7e812d400007c1d1f3",
      "price": "1.396",
      "sequence": "5806543867623431",
      "side": "buy",
      "size": "35.54",
      "symbol": "VIRTUAL-USDT",
      "takerOrderId": "6749ad7e33b8f30007387647",
      "time": "1732881790280000000",
      "tradeId": "5806543867623431",
      "type": "match",
      "time_received": "12:03:10.3181"
    },
    {
      "makerOrderId": "6749ad78b38d12000752257e",
      "price": "1.397",
      "sequence": "5806543867623434",
      "side": "buy",
      "size": "126.54",
      "symbol": "VIRTUAL-USDT",
      "takerOrderId": "6749ad7e33b8f30007387647",
      "time": "1732881790280000000",
      "tradeId": "5806543867623434",
      "type": "match",
      "time_received": "12:03:10.3181"
    },
    {
      "makerOrderId": "6749ad718b053b0007c09baa",
      "price": "1.4",
      "sequence": "5806543867623437",
      "side": "buy",
      "size": "35.14",
      "symbol": "VIRTUAL-USDT",
      "takerOrderId": "6749ad7e33b8f30007387647",
      "time": "1732881790280000000",
      "tradeId": "5806543867623437",
      "type": "match",
      "time_received": "12:03:10.3181"
    },
    {
      "makerOrderId": "6749ad718b053b0007c09baa",
      "price": "1.4",
      "sequence": "5806548414117889",
      "side": "buy",
      "size": "7.85",
      "symbol": "VIRTUAL-USDT",
      "takerOrderId": "6749ad89b38d1200075296bb",
      "time": "1732881801455000000",
      "tradeId": "5806548414117889",
      "type": "match",
      "time_received": "12:03:21.4982"
    },
    {
      "makerOrderId": "6749ad718b053b0007c09baa",
      "price": "1.4",
      "sequence": "5806548855175169",
      "side": "buy",
      "size": "566.47",
      "symbol": "VIRTUAL-USDT",
      "takerOrderId": "6749ad8ab38d120007529e8b",
      "time": "1732881802821000000",
      "tradeId": "5806548855175169",
      "type": "match",
      "time_received": "12:03:22.8591"
    },
    {
      "makerOrderId": "6749ad8a33b8f3000738c57b",
      "price": "1.406",
      "sequence": "5806548855175172",
      "side": "buy",
      "size": "53.04",
      "symbol": "VIRTUAL-USDT",
      "takerOrderId": "6749ad8ab38d120007529e8b",
      "time": "1732881802821000000",
      "tradeId": "5806548855175172",
      "type": "match",
      "time_received": "12:03:22.8593"
    },
    {
      "makerOrderId": "6749ad8a33b8f3000738c57b",
      "price": "1.406",
      "sequence": "5806549062924289",
      "side": "buy",
      "size": "154.21",
      "symbol": "VIRTUAL-USDT",
      "takerOrderId": "6749ad8be21c7400076946d8",
      "time": "1732881803304000000",
      "tradeId": "5806549062924289",
      "type": "match",
      "time_received": "12:03:23.3466"
    },
    {
      "makerOrderId": "6749ad8c439c100007b596d4",
      "price": "1.406",
      "sequence": "5806549358229505",
      "side": "buy",
      "size": "3.33",
      "symbol": "VIRTUAL-USDT",
      "takerOrderId": "6749ad8ce21c740007694bfd",
      "time": "1732881804144000000",
      "tradeId": "5806549358229505",
      "type": "match",
      "time_received": "12:03:24.1824"
    },
    {
      "makerOrderId": "6749ad90b26bfb0007b37476",
      "price": "1.4",
      "sequence": "5806551583307777",
      "side": "sell",
      "size": "1",
      "symbol": "VIRTUAL-USDT",
      "takerOrderId": "6749ad925e5d4c0007fb73c0",
      "time": "1732881810019000000",
      "tradeId": "5806551583307777",
      "type": "match",
      "time_received": "12:03:30.0622"
    },
    {
      "makerOrderId": "6749ad92f61fa00007419dee",
      "price": "1.385",
      "sequence": "5806551583307780",
      "side": "sell",
      "size": "6.07",
      "symbol": "VIRTUAL-USDT",
      "takerOrderId": "6749ad925e5d4c0007fb73c0",
      "time": "1732881810019000000",
      "tradeId": "5806551583307780",
      "type": "match",
      "time_received": "12:03:30.0624"
    },
    {
      "makerOrderId": "6749ad8fb26bfb0007b36e69",
      "price": "1.404",
      "sequence": "5806551759075329",
      "side": "buy",
      "size": "38.59",
      "symbol": "VIRTUAL-USDT",
      "takerOrderId": "6749ad92dcdd7b0007eefcae",
      "time": "1732881810535000000",
      "tradeId": "5806551759075329",
      "type": "match",
      "time_received": "12:03:30.5750"
    },
    {
      "makerOrderId": "6749ad8fb26bfb0007b36e69",
      "price": "1.404",
      "sequence": "5806552602654721",
      "side": "buy",
      "size": "105.23",
      "symbol": "VIRTUAL-USDT",
      "takerOrderId": "6749ad9414a89200075f8992",
      "time": "1732881812436000000",
      "tradeId": "5806552602654721",
      "type": "match",
      "time_received": "12:03:32.4789"
    },
    {
      "makerOrderId": "6749ad8fb26bfb0007b36e69",
      "price": "1.404",
      "sequence": "5806554589444097",
      "side": "buy",
      "size": "89.5",
      "symbol": "VIRTUAL-USDT",
      "takerOrderId": "6749ad992033a5000750a139",
      "time": "1732881817112000000",
      "tradeId": "5806554589444097",
      "type": "match",
      "time_received": "12:03:37.1529"
    },
    {
      "makerOrderId": "6749ad9ab26bfb0007b3b7b4",
      "price": "1.402",
      "sequence": "5806556010657793",
      "side": "buy",
      "size": "52.28",
      "symbol": "VIRTUAL-USDT",
      "takerOrderId": "6749ad9d8b053b0007c1b0c0",
      "time": "1732881821088000000",
      "tradeId": "5806556010657793",
      "type": "match",
      "time_received": "12:03:41.1304"
    },
    {
      "makerOrderId": "6749ad9ab26bfb0007b3b7b4",
      "price": "1.402",
      "sequence": "5806558529730561",
      "side": "buy",
      "size": "24.21",
      "symbol": "VIRTUAL-USDT",
      "takerOrderId": "6749ada3a69a4c00072ecf0c",
      "time": "1732881827567000000",
      "tradeId": "5806558529730561",
      "type": "match",
      "time_received": "12:03:47.6095"
    },
    {
      "makerOrderId": "6749ad9ab26bfb0007b3b7b4",
      "price": "1.402",
      "sequence": "5806561379760129",
      "side": "buy",
      "size": "9.58",
      "symbol": "VIRTUAL-USDT",
      "takerOrderId": "6749adabdcdd7b0007ef9179",
      "time": "1732881835110000000",
      "tradeId": "5806561379760129",
      "type": "match",
      "time_received": "12:03:55.1488"
    },
    {
      "makerOrderId": "6749ad9ab26bfb0007b3b7b4",
      "price": "1.402",
      "sequence": "5806561533114369",
      "side": "buy",
      "size": "5.22",
      "symbol": "VIRTUAL-USDT",
      "takerOrderId": "6749adabb6d508000788cf2b",
      "time": "1732881835630000000",
      "tradeId": "5806561533114369",
      "type": "match",
      "time_received": "12:03:55.6689"
    },
    {
      "makerOrderId": "6749ad9ab26bfb0007b3b7b4",
      "price": "1.402",
      "sequence": "5806563454236673",
