[
  {
    "id": "1732528770593",
    "type": "pong",
    "timestamp": 1732528770630608
  },
  {
    "id": "1732528790593",
    "type": "pong",
    "timestamp": 1732528790631067
  },
  {
    "topic": "/market/match:ZRC-USDT",
    "type": "message",
    "subject": "trade.l3match",
    "data": {
      "price": "0.03",
      "sequence": "5672962844407809",
      "side": "sell",
      "size": "10",
      "symbol": "ZRC-USDT",
      "time": "1732528800000000000",
      "tradeId": "5672962844407809",
      "type": "match",
      "time_before_que.put": "10:00:00.111",
      "seconds_from_release": 0.111874,
      "time_after_queue.get": "10:00:00.113"
    }
  },
  {
    "topic": "/market/match:ZRC-USDT",
    "type": "message",
    "subject": "trade.l3match",
    "data": {
      "makerOrderId": "674447d6cf286a000719c1f8",
      "price": "0.05",
      "sequence": "5672962844407810",
      "side": "buy",
      "size": "640.6",
      "symbol": "ZRC-USDT",
      "takerOrderId": "67444aa068486d0007773bd1",
      "time": "1732528800039000000",
      "tradeId": "5672962844407810",
      "type": "match",
      "time_before_que.put": "10:00:00.113",
      "seconds_from_release": 0.113146,
      "time_after_queue.get": "10:00:00.116"
    }
  },
  {
    "topic": "/market/match:ZRC-USDT",
    "type": "message",
    "subject": "trade.l3match",
    "data": {
      "makerOrderId": "67444978f4a7c50007808a4a",
      "price": "0.05",
      "sequence": "5672962844407813",
      "side": "buy",
      "size": "220.1",
      "symbol": "ZRC-USDT",
      "takerOrderId": "67444aa068486d0007773bd1",
      "time": "1732528800039000000",
      "tradeId": "5672962844407813",
      "type": "match",
      "time_before_que.put": "10:00:00.115",
      "seconds_from_release": 0.115495,
      "time_after_queue.get": "10:00:00.116"
    }
  },
  {
    "topic": "/market/match:ZRC-USDT",
    "type": "message",
    "subject": "trade.l3match",
    "data": {
      "makerOrderId": "67444978f1bf4000077ac3a4",
      "price": "0.05278",
      "sequence": "5672962844407816",
      "side": "buy",
      "size": "515.2",
      "symbol": "ZRC-USDT",
      "takerOrderId": "67444aa068486d0007773bd1",
      "time": "1732528800039000000",
      "tradeId": "5672962844407816",
      "type": "match",
      "time_before_que.put": "10:00:00.115",
      "seconds_from_release": 0.115747,
      "time_after_queue.get": "10:00:00.117"
    }
  },
  {
    "topic": "/market/match:ZRC-USDT",
    "type": "message",
    "subject": "trade.l3match",
    "data": {
      "makerOrderId": "674449780d8553000705545d",
      "price": "0.05556",
      "sequence": "5672962844801025",
      "side": "buy",
      "size": "631.2",
      "symbol": "ZRC-USDT",
      "takerOrderId": "67444aa0f1bf40000781c664",
      "time": "1732528800039000000",
      "tradeId": "5672962844801025",
      "type": "match",
      "time_before_que.put": "10:00:00.115",
      "seconds_from_release": 0.115946,
      "time_after_queue.get": "10:00:00.117"
    }
  },
  {
    "topic": "/market/match:ZRC-USDT",
    "type": "message",
    "subject": "trade.l3match",
    "data": {
      "makerOrderId": "67444978f4f12000079ef72d",
      "price": "0.05833",
      "sequence": "5672962844801028",
      "side": "buy",
      "size": "670.3",
      "symbol": "ZRC-USDT",
      "takerOrderId": "67444aa0f1bf40000781c664",
      "time": "1732528800039000000",
      "tradeId": "5672962844801028",
      "type": "match",
      "time_before_que.put": "10:00:00.116",
      "seconds_from_release": 0.11609,
      "time_after_queue.get": "10:00:00.119"
    }
  },
  {
    "topic": "/market/match:ZRC-USDT",
    "type": "message",
    "subject": "trade.l3match",
    "data": {
      "makerOrderId": "674447d8f4a7c50007755fae",
      "price": "0.06",
      "sequence": "5672962844801031",
      "side": "buy",
      "size": "1000",
      "symbol": "ZRC-USDT",
      "takerOrderId": "67444aa0f1bf40000781c664",
      "time": "1732528800039000000",
      "tradeId": "5672962844801031",
      "type": "match",
      "time_before_que.put": "10:00:00.116",
      "seconds_from_release": 0.11622,
      "time_after_queue.get": "10:00:00.133"
    }
  },
  {
    "topic": "/market/match:ZRC-USDT",
    "type": "message",
    "subject": "trade.l3match",
    "data": {
      "makerOrderId": "6744497a31d0950007118304",
      "price": "0.06111",
      "sequence": "5672962844801034",
      "side": "buy",
      "size": "801.5",
      "symbol": "ZRC-USDT",
      "takerOrderId": "67444aa0f1bf40000781c664",
      "time": "1732528800039000000",
      "tradeId": "5672962844801034",
      "type": "match",
      "time_before_que.put": "10:00:00.116",
      "seconds_from_release": 0.116712,
      "time_after_queue.get": "10:00:00.135"
    }
  },
  {
    "topic": "/market/match:ZRC-USDT",
    "type": "message",
    "subject": "trade.l3match",
    "data": {
      "makerOrderId": "67444288f1bf4000074b0a62",
      "price": "0.06215",
      "sequence": "5672962844932097",
      "side": "buy",
      "size": "1800",
      "symbol": "ZRC-USDT",
      "takerOrderId": "67444aa0f1bf40000781c65f",
      "time": "1732528800039000000",
      "tradeId": "5672962844932097",
      "type": "match",
      "time_before_que.put": "10:00:00.116",
      "seconds_from_release": 0.116892,
      "time_after_queue.get": "10:00:00.136"
    }
  },
  {
    "topic": "/market/match:ZRC-USDT",
    "type": "message",
    "subject": "trade.l3match",
    "data": {
      "makerOrderId": "6744497a1586c10007850494",
      "price": "0.06389",
      "sequence": "5672962844932100",
      "side": "buy",
      "size": "1052.5",
      "symbol": "ZRC-USDT",
      "takerOrderId": "67444aa0f1bf40000781c65f",
      "time": "1732528800039000000",
      "tradeId": "5672962844932100",
      "type": "match",
      "time_before_que.put": "10:00:00.117",
      "seconds_from_release": 0.117105,
      "time_after_queue.get": "10:00:00.136"
    }
  },
  {
    "topic": "/market/match:ZRC-USDT",
    "type": "message",
    "subject": "trade.l3match",
    "data": {
      "makerOrderId": "6744480dc5ba74000765098d",
      "price": "0.065",
      "sequence": "5672962844932103",
      "side": "buy",
      "size": "1000",
      "symbol": "ZRC-USDT",
      "takerOrderId": "67444aa0f1bf40000781c65f",
      "time": "1732528800039000000",
      "tradeId": "5672962844932103",
      "type": "match",
      "time_before_que.put": "10:00:00.117",
      "seconds_from_release": 0.117509,
      "time_after_queue.get": "10:00:00.137"
    }
  },
  {
    "topic": "/market/match:ZRC-USDT",
    "type": "message",
    "subject": "trade.l3match",
    "data": {
      "makerOrderId": "6744497a0d8553000705618e",
      "price": "0.06667",
      "sequence": "5672962844932106",
      "side": "buy",
      "size": "1199.4",
      "symbol": "ZRC-USDT",
      "takerOrderId": "67444aa0f1bf40000781c65f",
      "time": "1732528800039000000",
      "tradeId": "5672962844932106",
      "type": "match",
      "time_before_que.put": "10:00:00.119",
      "seconds_from_release": 0.119183,
      "time_after_queue.get": "10:00:00.137"
    }
  },
  {
    "topic": "/market/match:ZRC-USDT",
    "type": "message",
    "subject": "trade.l3match",
    "data": {
      "makerOrderId": "674447ecc5ba740007642ab4",
      "price": "0.067",
      "sequence": "5672962844932109",
      "side": "buy",
      "size": "1000",
      "symbol": "ZRC-USDT",
      "takerOrderId": "67444aa0f1bf40000781c65f",
      "time": "1732528800039000000",
      "tradeId": "5672962844932109",
      "type": "match",
      "time_before_que.put": "10:00:00.119",
      "seconds_from_release": 0.119402,
      "time_after_queue.get": "10:00:00.137"
    }
  },
  {
    "topic": "/market/match:ZRC-USDT",
    "type": "message",
    "subject": "trade.l3match",
    "data": {
      "makerOrderId": "67444288d52cb80007b42d71",
      "price": "0.06769",
      "sequence": "5672962844932112",
      "side": "buy",
      "size": "948.1",
      "symbol": "ZRC-USDT",
      "takerOrderId": "67444aa0f1bf40000781c65f",
      "time": "1732528800039000000",
      "tradeId": "5672962844932112",
      "type": "match",
      "time_before_que.put": "10:00:00.119",
      "seconds_from_release": 0.119752,
      "time_after_queue.get": "10:00:00.137"
    }
  },
  {
    "topic": "/market/match:ZRC-USDT",
    "type": "message",
    "subject": "trade.l3match",
    "data": {
      "makerOrderId": "67444288d52cb80007b42d71",
      "price": "0.06769",
      "sequence": "5672962845194241",
      "side": "buy",
      "size": "1301.9",
      "symbol": "ZRC-USDT",
      "takerOrderId": "67444aa0f1bf40000781c659",
      "time": "1732528800039000000",
      "tradeId": "5672962845194241",
      "type": "match",
      "time_before_que.put": "10:00:00.135",
      "seconds_from_release": 0.135739,
      "time_after_queue.get": "10:00:00.137"
    }
  },
  {
    "topic": "/market/match:ZRC-USDT",
    "type": "message",
    "subject": "trade.l3match",
    "data": {
      "makerOrderId": "67444977f4f12000079ef447",
      "price": "0.06944",
      "sequence": "5672962845194244",
      "side": "buy",
      "size": "1440.6",
      "symbol": "ZRC-USDT",
      "takerOrderId": "67444aa0f1bf40000781c659",
      "time": "1732528800039000000",
      "tradeId": "5672962845194244",
      "type": "match",
      "time_before_que.put": "10:00:00.136",
      "seconds_from_release": 0.136289,
      "time_after_queue.get": "10:00:00.137"
    }
  },
  {
    "topic": "/market/match:ZRC-USDT",
    "type": "message",
    "subject": "trade.l3match",
    "data": {
      "makerOrderId": "674447da67cdc9000726986e",
      "price": "0.07",
      "sequence": "5672962845194247",
      "side": "buy",
      "size": "1000",
      "symbol": "ZRC-USDT",
      "takerOrderId": "67444aa0f1bf40000781c659",
      "time": "1732528800039000000",
      "tradeId": "5672962845194247",
      "type": "match",
      "time_before_que.put": "10:00:00.136",
      "seconds_from_release": 0.136582,
      "time_after_queue.get": "10:00:00.137"
    }
  },
  {
    "topic": "/market/match:ZRC-USDT",
    "type": "message",
    "subject": "trade.l3match",
    "data": {
      "makerOrderId": "67444977c65bf70007197048",
      "price": "0.07222",
      "sequence": "5672962858039297",
      "side": "buy",
      "size": "10",
      "symbol": "ZRC-USDT",
      "takerOrderId": "67444aa068486d0007773c61",
      "time": "1732528800075000000",
      "tradeId": "5672962858039297",
      "type": "match",
      "time_before_que.put": "10:00:00.165",
      "seconds_from_release": 0.165018,
      "time_after_queue.get": "10:00:00.165"
    }
  },
  {
    "topic": "/market/match:ZRC-USDT",
    "type": "message",
    "subject": "trade.l3match",
    "data": {
      "makerOrderId": "67444977c65bf70007197048",
      "price": "0.07222",
      "sequence": "5672962872064001",
      "side": "buy",
      "size": "10",
      "symbol": "ZRC-USDT",
      "takerOrderId": "67444aa06967d30007f11065",
      "time": "1732528800104000000",
      "tradeId": "5672962872064001",
      "type": "match",
      "time_before_que.put": "10:00:00.165",
      "seconds_from_release": 0.165437,
      "time_after_queue.get": "10:00:00.165"
    }
  },
  {
    "topic": "/market/match:ZRC-USDT",
    "type": "message",
    "subject": "trade.l3match",
    "data": {
      "makerOrderId": "67444977c65bf70007197048",
      "price": "0.07222",
      "sequence": "5672962872195073",
      "side": "buy",
      "size": "10",
      "symbol": "ZRC-USDT",
      "takerOrderId": "67444aa06967d30007f1108a",
      "time": "1732528800104000000",
      "tradeId": "5672962872195073",
      "type": "match",
      "time_before_que.put": "10:00:00.165",
      "seconds_from_release": 0.165539,
      "time_after_queue.get": "10:00:00.165"
    }
  },
  {
    "topic": "/market/match:ZRC-USDT",
    "type": "message",
    "subject": "trade.l3match",
    "data": {
      "makerOrderId": "67444977c65bf70007197048",
      "price": "0.07222",
      "sequence": "5672962884909057",
      "side": "buy",
      "size": "10",
      "symbol": "ZRC-USDT",
      "takerOrderId": "67444aa0f4a7c5000787897c",
      "time": "1732528800135000000",
      "tradeId": "5672962884909057",
      "type": "match",
      "time_before_que.put": "10:00:00.181",
      "seconds_from_release": 0.181128,
      "time_after_queue.get": "10:00:00.181"
    }
  },
  {
    "topic": "/market/match:ZRC-USDT",
    "type": "message",
    "subject": "trade.l3match",
    "data": {
      "makerOrderId": "67444977c65bf70007197048",
      "price": "0.07222",
      "sequence": "5672962888316929",
      "side": "buy",
      "size": "10",
      "symbol": "ZRC-USDT",
      "takerOrderId": "67444aa06967d30007f110f1",
      "time": "1732528800141000000",
      "tradeId": "5672962888316929",
      "type": "match",
      "time_before_que.put": "10:00:00.188",
      "seconds_from_release": 0.188562,
      "time_after_queue.get": "10:00:00.188"
    }
  },
  {
    "topic": "/market/match:ZRC-USDT",
    "type": "message",
    "subject": "trade.l3match",
    "data": {
      "makerOrderId": "67444977c65bf70007197048",
      "price": "0.07222",
      "sequence": "5672962897623041",
      "side": "buy",
      "size": "10",
      "symbol": "ZRC-USDT",
      "takerOrderId": "67444aa0cf286a00072c0472",
      "time": "1732528800161000000",
      "tradeId": "5672962897623041",
      "type": "match",
      "time_before_que.put": "10:00:00.211",
      "seconds_from_release": 0.211646,
      "time_after_queue.get": "10:00:00.211"
    }
  },
  {
    "topic": "/market/match:ZRC-USDT",
    "type": "message",
    "subject": "trade.l3match",
    "data": {
      "makerOrderId": "67444977c65bf70007197048",
      "price": "0.07222",
      "sequence": "5672962911516673",
      "side": "buy",
      "size": "10",
      "symbol": "ZRC-USDT",
      "takerOrderId": "67444aa0cf286a00072c053f",
      "time": "1732528800189000000",
      "tradeId": "5672962911516673",
      "type": "match",
      "time_before_que.put": "10:00:00.241",
      "seconds_from_release": 0.241772,
      "time_after_queue.get": "10:00:00.242"
    }
  },
  {
    "topic": "/market/match:ZRC-USDT",
    "type": "message",
    "subject": "trade.l3match",
    "data": {
      "makerOrderId": "67444977c65bf70007197048",
      "price": "0.07222",
      "sequence": "5672962914007041",
      "side": "buy",
      "size": "100",
      "symbol": "ZRC-USDT",
      "takerOrderId": "67444aa068486d0007773d89",
      "time": "1732528800192000000",
      "tradeId": "5672962914007041",
      "type": "match",
      "time_before_que.put": "10:00:00.242",
      "seconds_from_release": 0.242152,
      "time_after_queue.get": "10:00:00.242"
    }
  },
  {
    "topic": "/market/match:ZRC-USDT",
    "type": "message",
    "subject": "trade.l3match",
    "data": {
      "makerOrderId": "67444977c65bf70007197048",
      "price": "0.07222",
      "sequence": "5672962914924545",
      "side": "buy",
      "size": "10",
      "symbol": "ZRC-USDT",
      "takerOrderId": "67444aa0f4a7c50007878b91",
      "time": "1732528800194000000",
      "tradeId": "5672962914924545",
      "type": "match",
      "time_before_que.put": "10:00:00.249",
      "seconds_from_release": 0.249035,
      "time_after_queue.get": "10:00:00.249"
    }
  },
  {
    "topic": "/market/match:ZRC-USDT",
    "type": "message",
    "subject": "trade.l3match",
    "data": {
      "makerOrderId": "67444977c65bf70007197048",
      "price": "0.07222",
      "sequence": "5672962925934593",
      "side": "buy",
      "size": "10",
      "symbol": "ZRC-USDT",
      "takerOrderId": "67444aa0b7e21a0007510ede",
      "time": "1732528800214000000",
      "tradeId": "5672962925934593",
      "type": "match",
      "time_before_que.put": "10:00:00.262",
      "seconds_from_release": 0.262567,
      "time_after_queue.get": "10:00:00.263"
    }
  },
  {
    "topic": "/market/match:ZRC-USDT",
    "type": "message",
    "subject": "trade.l3match",
    "data": {
      "makerOrderId": "67444977c65bf70007197048",
      "price": "0.07222",
      "sequence": "5672962929342465",
      "side": "buy",
      "size": "10",
      "symbol": "ZRC-USDT",
      "takerOrderId": "67444aa0df6f6e0007612af0",
      "time": "1732528800219000000",
      "tradeId": "5672962929342465",
      "type": "match",
      "time_before_que.put": "10:00:00.269",
      "seconds_from_release": 0.269196,
      "time_after_queue.get": "10:00:00.269"
    }
  },
  {
    "topic": "/market/match:ZRC-USDT",
    "type": "message",
    "subject": "trade.l3match",
    "data": {
      "makerOrderId": "67444977c65bf70007197048",
      "price": "0.07222",
      "sequence": "5672962929997825",
      "side": "buy",
      "size": "55",
      "symbol": "ZRC-USDT",
      "takerOrderId": "67444aa0cf286a00072c0574",
      "time": "1732528800222000000",
      "tradeId": "5672962929997825",
      "type": "match",
      "time_before_que.put": "10:00:00.269",
      "seconds_from_release": 0.269482,
      "time_after_queue.get": "10:00:00.269"
    }
  },
  {
    "topic": "/market/match:ZRC-USDT",
    "type": "message",
    "subject": "trade.l3match",
    "data": {
      "makerOrderId": "67444977c65bf70007197048",
      "price": "0.07222",
      "sequence": "5672962937600001",
      "side": "buy",
      "size": "10",
      "symbol": "ZRC-USDT",
      "takerOrderId": "67444aa0b7e21a0007510f79",
      "time": "1732528800240000000",
      "tradeId": "5672962937600001",
      "type": "match",
      "time_before_que.put": "10:00:00.288",
      "seconds_from_release": 0.288017,
      "time_after_queue.get": "10:00:00.288"
    }
  },
  {
    "topic": "/market/match:ZRC-USDT",
    "type": "message",
    "subject": "trade.l3match",
    "data": {
      "makerOrderId": "67444977c65bf70007197048",
      "price": "0.07222",
      "sequence": "5672962945988609",
      "side": "buy",
      "size": "10",
      "symbol": "ZRC-USDT",
      "takerOrderId": "67444aa0f1bf40000781c904",
      "time": "1732528800256000000",
      "tradeId": "5672962945988609",
      "type": "match",
      "time_before_que.put": "10:00:00.305",
      "seconds_from_release": 0.305158,
      "time_after_queue.get": "10:00:00.305"
    }
  },
  {
    "topic": "/market/match:ZRC-USDT",
    "type": "message",
    "subject": "trade.l3match",
    "data": {
      "makerOrderId": "67444977c65bf70007197048",
      "price": "0.07222",
      "sequence": "5672962960930817",
      "side": "buy",
      "size": "10",
      "symbol": "ZRC-USDT",
      "takerOrderId": "67444aa0cf286a00072c068e",
      "time": "1732528800279000000",
      "tradeId": "5672962960930817",
      "type": "match",
      "time_before_que.put": "10:00:00.335",
      "seconds_from_release": 0.335286,
      "time_after_queue.get": "10:00:00.335"
    }
  },
  {
    "topic": "/market/match:ZRC-USDT",
    "type": "message",
    "subject": "trade.l3match",
    "data": {
      "makerOrderId": "67444977c65bf70007197048",
      "price": "0.07222",
      "sequence": "5672962974300161",
      "side": "buy",
      "size": "450",
      "symbol": "ZRC-USDT",
      "takerOrderId": "67444aa0ae93cc0007b5d19e",
      "time": "1732528800304000000",
      "tradeId": "5672962974300161",
      "type": "match",
      "time_before_que.put": "10:00:00.352",
      "seconds_from_release": 0.352415,
      "time_after_queue.get": "10:00:00.352"
    }
  },
  {
    "topic": "/market/match:ZRC-USDT",
    "type": "message",
    "subject": "trade.l3match",
    "data": {
      "makerOrderId": "67444977c65bf70007197048",
      "price": "0.07222",
      "sequence": "5672962993960961",
      "side": "buy",
      "size": "200",
      "symbol": "ZRC-USDT",
      "takerOrderId": "67444aa0f4f1200007a5f9c3",
      "time": "1732528800329000000",
      "tradeId": "5672962993960961",
      "type": "match",
      "time_before_que.put": "10:00:00.378",
      "seconds_from_release": 0.378848,
      "time_after_queue.get": "10:00:00.379"
    }
  },
  {
    "topic": "/market/match:ZRC-USDT",
    "type": "message",
    "subject": "trade.l3match",
    "data": {
      "makerOrderId": "67444977c65bf70007197048",
      "price": "0.07222",
      "sequence": "5672962994878465",
      "side": "buy",
      "size": "10",
      "symbol": "ZRC-USDT",
      "takerOrderId": "67444aa0f4f1200007a5f9c5",
      "time": "1732528800330000000",
      "tradeId": "5672962994878465",
      "type": "match",
      "time_before_que.put": "10:00:00.379",
      "seconds_from_release": 0.379133,
      "time_after_queue.get": "10:00:00.379"
    }
  },
  {
    "topic": "/market/match:ZRC-USDT",
    "type": "message",
    "subject": "trade.l3match",
    "data": {
      "makerOrderId": "67444977c65bf70007197048",
      "price": "0.07222",
      "sequence": "5672962997368833",
      "side": "buy",
      "size": "10",
      "symbol": "ZRC-USDT",
      "takerOrderId": "67444aa0f1bf40000781ca9b",
      "time": "1732528800333000000",
      "tradeId": "5672962997368833",
      "type": "match",
      "time_before_que.put": "10:00:00.379",
      "seconds_from_release": 0.379293,
      "time_after_queue.get": "10:00:00.379"
    }
  },
  {
    "topic": "/market/match:ZRC-USDT",
    "type": "message",
    "subject": "trade.l3match",
    "data": {
      "makerOrderId": "67444977c65bf70007197048",
      "price": "0.07222",
      "sequence": "5672963019913217",
      "side": "buy",
      "size": "10",
      "symbol": "ZRC-USDT",
      "takerOrderId": "67444aa0b7e21a000751117a",
      "time": "1732528800363000000",
      "tradeId": "5672963019913217",
      "type": "match",
      "time_before_que.put": "10:00:00.413",
      "seconds_from_release": 0.413254,
      "time_after_queue.get": "10:00:00.413"
    }
  },
  {
    "topic": "/market/match:ZRC-USDT",
    "type": "message",
    "subject": "trade.l3match",
    "data": {
      "makerOrderId": "67444977c65bf70007197048",
      "price": "0.07222",
      "sequence": "5672963030530049",
      "side": "buy",
      "size": "100",
      "symbol": "ZRC-USDT",
      "takerOrderId": "67444aa0cf286a00072c07e0",
      "time": "1732528800380000000",
      "tradeId": "5672963030530049",
      "type": "match",
      "time_before_que.put": "10:00:00.430",
      "seconds_from_release": 0.430037,
      "time_after_queue.get": "10:00:00.430"
    }
  },
  {
    "topic": "/market/match:ZRC-USDT",
    "type": "message",
    "subject": "trade.l3match",
    "data": {
      "makerOrderId": "67444977c65bf70007197048",
      "price": "0.07222",
      "sequence": "5672963031054337",
      "side": "buy",
      "size": "55",
      "symbol": "ZRC-USDT",
      "takerOrderId": "67444aa031d0950007187c7e",
      "time": "1732528800382000000",
      "tradeId": "5672963031054337",
      "type": "match",
      "time_before_que.put": "10:00:00.430",
      "seconds_from_release": 0.430255,
      "time_after_queue.get": "10:00:00.430"
    }
  },
  {
    "topic": "/market/match:ZRC-USDT",
    "type": "message",
    "subject": "trade.l3match",
    "data": {
      "makerOrderId": "67444977c65bf70007197048",
      "price": "0.07222",
      "sequence": "5672963033151489",
      "side": "buy",
      "size": "493.3",
      "symbol": "ZRC-USDT",
      "takerOrderId": "67444aa068486d000777427c",
      "time": "1732528800386000000",
      "tradeId": "5672963033151489",
      "type": "match",
      "time_before_que.put": "10:00:00.438",
      "seconds_from_release": 0.438751,
      "time_after_queue.get": "10:00:00.442"
    }
  },
  {
    "topic": "/market/match:ZRC-USDT",
    "type": "message",
    "subject": "trade.l3match",
    "data": {
      "makerOrderId": "6744428867cdc900070202ca",
      "price": "0.07323",
      "sequence": "5672963033151492",
      "side": "buy",
      "size": "2820",
      "symbol": "ZRC-USDT",
      "takerOrderId": "67444aa068486d000777427c",
      "time": "1732528800386000000",
      "tradeId": "5672963033151492",
      "type": "match",
      "time_before_que.put": "10:00:00.438",
      "seconds_from_release": 0.438998,
      "time_after_queue.get": "10:00:00.442"
    }
  },
  {
    "topic": "/market/match:ZRC-USDT",
    "type": "message",
    "subject": "trade.l3match",
    "data": {
      "makerOrderId": "67444812f4f12000079564e2",
      "price": "0.075",
      "sequence": "5672963033151495",
      "side": "buy",
      "size": "1000",
      "symbol": "ZRC-USDT",
      "takerOrderId": "67444aa068486d000777427c",
      "time": "1732528800386000000",
      "tradeId": "5672963033151495",
      "type": "match",
      "time_before_que.put": "10:00:00.439",
      "seconds_from_release": 0.439848,
      "time_after_queue.get": "10:00:00.443"
    }
  },
  {
    "topic": "/market/match:ZRC-USDT",
    "type": "message",
    "subject": "trade.l3match",
    "data": {
      "makerOrderId": "67444977c5ba7400076ebe49",
      "price": "0.075",
      "sequence": "5672963033151498",
      "side": "buy",
      "size": "1405.6",
      "symbol": "ZRC-USDT",
      "takerOrderId": "67444aa068486d000777427c",
      "time": "1732528800386000000",
      "tradeId": "5672963033151498",
      "type": "match",
      "time_before_que.put": "10:00:00.442",
      "seconds_from_release": 0.442483,
      "time_after_queue.get": "10:00:00.443"
    }
  },
  {
    "topic": "/market/match:ZRC-USDT",
    "type": "message",
    "subject": "trade.l3match",
    "data": {
      "makerOrderId": "6744497837061e00072aeaf8",
      "price": "0.075",
      "sequence": "5672963033151501",
      "side": "buy",
      "size": "93.5",
      "symbol": "ZRC-USDT",
      "takerOrderId": "67444aa068486d000777427c",
      "time": "1732528800386000000",
      "tradeId": "5672963033151501",
      "type": "match",
      "time_before_que.put": "10:00:00.442",
      "seconds_from_release": 0.442759,
      "time_after_queue.get": "10:00:00.443"
    }
  },
  {
    "topic": "/market/match:ZRC-USDT",
    "type": "message",
    "subject": "trade.l3match",
    "data": {
      "makerOrderId": "6744497831d095000711762a",
      "price": "0.07778",
      "sequence": "5672963033151504",
      "side": "buy",
      "size": "601.5",
      "symbol": "ZRC-USDT",
      "takerOrderId": "67444aa068486d000777427c",
      "time": "1732528800386000000",
      "tradeId": "5672963033151504",
      "type": "match",
      "time_before_que.put": "10:00:00.442",
      "seconds_from_release": 0.442942,
      "time_after_queue.get": "10:00:00.443"
    }
  },
  {
    "topic": "/market/match:ZRC-USDT",
    "type": "message",
    "subject": "trade.l3match",
    "data": {
      "makerOrderId": "67444289f15b27000756f202",
      "price": "0.07877",
      "sequence": "5672963033151507",
      "side": "buy",
      "size": "3520",
      "symbol": "ZRC-USDT",
      "takerOrderId": "67444aa068486d000777427c",
      "time": "1732528800386000000",
      "tradeId": "5672963033151507",
      "type": "match",
      "time_before_que.put": "10:00:00.443",
      "seconds_from_release": 0.443043,
      "time_after_queue.get": "10:00:00.443"
    }
  },
  {
    "topic": "/market/match:ZRC-USDT",
    "type": "message",
    "subject": "trade.l3match",
    "data": {
      "makerOrderId": "674447dc088f010007838cab",
      "price": "0.08",
      "sequence": "5672963037607937",
      "side": "buy",
      "size": "10",
      "symbol": "ZRC-USDT",
      "takerOrderId": "67444aa0df6f6e0007612dc2",
      "time": "1732528800391000000",
      "tradeId": "5672963037607937",
      "type": "match",
      "time_before_que.put": "10:00:00.443",
      "seconds_from_release": 0.443131,
      "time_after_queue.get": "10:00:00.443"
    }
  },
  {
    "topic": "/market/match:ZRC-USDT",
    "type": "message",
    "subject": "trade.l3match",
    "data": {
      "makerOrderId": "674447dc088f010007838cab",
      "price": "0.08",
      "sequence": "5672963043112961",
      "side": "buy",
      "size": "10",
      "symbol": "ZRC-USDT",
      "takerOrderId": "67444aa0b7e21a00075111f5",
      "time": "1732528800398000000",
      "tradeId": "5672963043112961",
      "type": "match",
      "time_before_que.put": "10:00:00.449",
      "seconds_from_release": 0.449412,
      "time_after_queue.get": "10:00:00.449"
    }
  },
  {
    "topic": "/market/match:ZRC-USDT",
    "type": "message",
    "subject": "trade.l3match",
    "data": {
      "makerOrderId": "674447dc088f010007838cab",
      "price": "0.08",
      "sequence": "5672963062511617",
      "side": "buy",
      "size": "10",
      "symbol": "ZRC-USDT",
      "takerOrderId": "67444aa0f4f1200007a5fc30",
      "time": "1732528800422000000",
      "tradeId": "5672963062511617",
      "type": "match",
      "time_before_que.put": "10:00:00.473",
      "seconds_from_release": 0.473576,
      "time_after_queue.get": "10:00:00.474"
    }
  },
  {
    "topic": "/market/match:ZRC-USDT",
    "type": "message",
    "subject": "trade.l3match",
    "data": {
      "makerOrderId": "674447dc088f010007838cab",
      "price": "0.08",
      "sequence": "5672963062642689",
      "side": "buy",
      "size": "10",
      "symbol": "ZRC-USDT",
      "takerOrderId": "67444aa0f4a7c500078790fb",
      "time": "1732528800422000000",
      "tradeId": "5672963062642689",
      "type": "match",
      "time_before_que.put": "10:00:00.474",
      "seconds_from_release": 0.474117,
      "time_after_queue.get": "10:00:00.475"
    }
  },
  {
    "topic": "/market/match:ZRC-USDT",
    "type": "message",
    "subject": "trade.l3match",
    "data": {
      "makerOrderId": "674447dc088f010007838cab",
      "price": "0.08",
      "sequence": "5672963062773761",
      "side": "buy",
      "size": "10",
      "symbol": "ZRC-USDT",
      "takerOrderId": "67444aa031d0950007187d44",
      "time": "1732528800422000000",
      "tradeId": "5672963062773761",
      "type": "match",
      "time_before_que.put": "10:00:00.474",
      "seconds_from_release": 0.474773,
      "time_after_queue.get": "10:00:00.475"
    }
  },
  {
    "topic": "/market/match:ZRC-USDT",
    "type": "message",
    "subject": "trade.l3match",
    "data": {
      "makerOrderId": "674447dc088f010007838cab",
      "price": "0.08",
      "sequence": "5672963090692097",
      "side": "buy",
      "size": "10",
      "symbol": "ZRC-USDT",
      "takerOrderId": "67444aa00d855300070c5946",
      "time": "1732528800474000000",
      "tradeId": "5672963090692097",
      "type": "match",
      "time_before_que.put": "10:00:00.523",
      "seconds_from_release": 0.523596,
      "time_after_queue.get": "10:00:00.523"
    }
  },
  {
    "topic": "/market/match:ZRC-USDT",
    "type": "message",
    "subject": "trade.l3match",
    "data": {
      "makerOrderId": "674447dc088f010007838cab",
      "price": "0.08",
      "sequence": "5672963096328193",
      "side": "buy",
      "size": "10",
      "symbol": "ZRC-USDT",
      "takerOrderId": "67444aa068486d00077744a6",
      "time": "1732528800485000000",
      "tradeId": "5672963096328193",
      "type": "match",
      "time_before_que.put": "10:00:00.532",
      "seconds_from_release": 0.532997,
      "time_after_queue.get": "10:00:00.533"
    }
  },
  {
    "topic": "/market/match:ZRC-USDT",
    "type": "message",
    "subject": "trade.l3match",
    "data": {
      "makerOrderId": "674447dc088f010007838cab",
      "price": "0.08",
      "sequence": "5672963111270401",
      "side": "buy",
      "size": "10",
      "symbol": "ZRC-USDT",
      "takerOrderId": "67444aa067cdc9000738b726",
      "time": "1732528800511000000",
      "tradeId": "5672963111270401",
      "type": "match",
      "time_before_que.put": "10:00:00.564",
      "seconds_from_release": 0.564221,
      "time_after_queue.get": "10:00:00.564"
    }
  },
  {
    "topic": "/market/match:ZRC-USDT",
    "type": "message",
    "subject": "trade.l3match",
    "data": {
      "makerOrderId": "674447dc088f010007838cab",
      "price": "0.08",
      "sequence": "5672963115071489",
      "side": "buy",
      "size": "50",
      "symbol": "ZRC-USDT",
      "takerOrderId": "67444aa0df6f6e0007612f09",
      "time": "1732528800515000000",
      "tradeId": "5672963115071489",
      "type": "match",
      "time_before_que.put": "10:00:00.567",
      "seconds_from_release": 0.56771,
      "time_after_queue.get": "10:00:00.568"
    }
  },
  {
    "topic": "/market/match:ZRC-USDT",
    "type": "message",
    "subject": "trade.l3match",
    "data": {
      "makerOrderId": "674447dc088f010007838cab",
      "price": "0.08",
      "sequence": "5672963115726849",
      "side": "buy",
      "size": "10",
      "symbol": "ZRC-USDT",
      "takerOrderId": "67444aa031d0950007187f7f",
      "time": "1732528800516000000",
      "tradeId": "5672963115726849",
      "type": "match",
      "time_before_que.put": "10:00:00.568",
      "seconds_from_release": 0.568137,
      "time_after_queue.get": "10:00:00.568"
    }
  },
  {
    "topic": "/market/match:ZRC-USDT",
    "type": "message",
    "subject": "trade.l3match",
    "data": {
      "makerOrderId": "674447dc088f010007838cab",
      "price": "0.08",
      "sequence": "5672963117692929",
      "side": "buy",
      "size": "10",
      "symbol": "ZRC-USDT",
      "takerOrderId": "67444aa0df6f6e0007612fa9",
      "time": "1732528800520000000",
      "tradeId": "5672963117692929",
      "type": "match",
      "time_before_que.put": "10:00:00.568",
      "seconds_from_release": 0.568477,
      "time_after_queue.get": "10:00:00.568"
    }
  },
  {
    "topic": "/market/match:ZRC-USDT",
    "type": "message",
    "subject": "trade.l3match",
    "data": {
      "makerOrderId": "674447dc088f010007838cab",
      "price": "0.08",
      "sequence": "5672963117824001",
      "side": "buy",
      "size": "10",
      "symbol": "ZRC-USDT",
      "takerOrderId": "67444aa0df6f6e0007612fb1",
      "time": "1732528800520000000",
      "tradeId": "5672963117824001",
      "type": "match",
      "time_before_que.put": "10:00:00.568",
      "seconds_from_release": 0.568668,
      "time_after_queue.get": "10:00:00.569"
    }
  },
  {
    "topic": "/market/match:ZRC-USDT",
    "type": "message",
    "subject": "trade.l3match",
    "data": {
      "makerOrderId": "674447dc088f010007838cab",
      "price": "0.08",
      "sequence": "5672963120183297",
      "side": "buy",
      "size": "10",
      "symbol": "ZRC-USDT",
      "takerOrderId": "67444aa068486d0007774555",
      "time": "1732528800523000000",
      "tradeId": "5672963120183297",
      "type": "match",
      "time_before_que.put": "10:00:00.573",
      "seconds_from_release": 0.573594,
      "time_after_queue.get": "10:00:00.574"
    }
  },
  {
    "topic": "/market/match:ZRC-USDT",
    "type": "message",
    "subject": "trade.l3match",
    "data": {
      "makerOrderId": "674447dc088f010007838cab",
      "price": "0.08",
      "sequence": "5672963120969729",
      "side": "buy",
      "size": "10",
      "symbol": "ZRC-USDT",
      "takerOrderId": "67444aa0f1bf40000781cea0",
      "time": "1732528800525000000",
      "tradeId": "5672963120969729",
      "type": "match",
      "time_before_que.put": "10:00:00.573",
      "seconds_from_release": 0.573933,
      "time_after_queue.get": "10:00:00.575"
    }
  },
  {
    "topic": "/market/match:ZRC-USDT",
    "type": "message",
    "subject": "trade.l3match",
    "data": {
      "makerOrderId": "674447dc088f010007838cab",
      "price": "0.08",
      "sequence": "5672963121100801",
      "side": "buy",
      "size": "10",
      "symbol": "ZRC-USDT",
      "takerOrderId": "67444aa04fe7460007e80c1f",
      "time": "1732528800525000000",
      "tradeId": "5672963121100801",
      "type": "match",
      "time_before_que.put": "10:00:00.574",
      "seconds_from_release": 0.574196,
      "time_after_queue.get": "10:00:00.575"
    }
  },
  {
    "topic": "/market/match:ZRC-USDT",
    "type": "message",
    "subject": "trade.l3match",
    "data": {
      "makerOrderId": "674447dc088f010007838cab",
      "price": "0.08",
      "sequence": "5672963130275841",
      "side": "buy",
      "size": "10",
      "symbol": "ZRC-USDT",
      "takerOrderId": "67444aa068486d0007774604",
      "time": "1732528800538000000",
      "tradeId": "5672963130275841",
      "type": "match",
      "time_before_que.put": "10:00:00.587",
      "seconds_from_release": 0.58774,
      "time_after_queue.get": "10:00:00.589"
    }
  },
  {
    "topic": "/market/match:ZRC-USDT",
    "type": "message",
    "subject": "trade.l3match",
    "data": {
      "makerOrderId": "674447dc088f010007838cab",
      "price": "0.08",
      "sequence": "5672963142727681",
      "side": "buy",
      "size": "10",
      "symbol": "ZRC-USDT",
      "takerOrderId": "67444aa0df6f6e000761307f",
      "time": "1732528800561000000",
      "tradeId": "5672963142727681",
      "type": "match",
      "time_before_que.put": "10:00:00.611",
      "seconds_from_release": 0.611478,
      "time_after_queue.get": "10:00:00.611"
    }
  },
  {
    "topic": "/market/match:ZRC-USDT",
    "type": "message",
    "subject": "trade.l3match",
    "data": {
      "makerOrderId": "674447dc088f010007838cab",
      "price": "0.08",
      "sequence": "5672963143776257",
      "side": "buy",
      "size": "10",
      "symbol": "ZRC-USDT",
      "takerOrderId": "67444aa0088f01000795a19d",
      "time": "1732528800563000000",
      "tradeId": "5672963143776257",
      "type": "match",
      "time_before_que.put": "10:00:00.611",
      "seconds_from_release": 0.611855,
      "time_after_queue.get": "10:00:00.612"
    }
  },
  {
    "topic": "/market/match:ZRC-USDT",
    "type": "message",
    "subject": "trade.l3match",
    "data": {
      "makerOrderId": "674447dc088f010007838cab",
      "price": "0.08",
      "sequence": "5672963154130945",
      "side": "buy",
      "size": "10",
      "symbol": "ZRC-USDT",
      "takerOrderId": "67444aa0f4a7c500078793fc",
      "time": "1732528800582000000",
      "tradeId": "5672963154130945",
      "type": "match",
      "time_before_que.put": "10:00:00.631",
      "seconds_from_release": 0.631303,
      "time_after_queue.get": "10:00:00.631"
    }
  },
  {
    "topic": "/market/match:ZRC-USDT",
    "type": "message",
    "subject": "trade.l3match",
    "data": {
      "makerOrderId": "674447dc088f010007838cab",
      "price": "0.08",
      "sequence": "5672963165272065",
      "side": "buy",
      "size": "10",
      "symbol": "ZRC-USDT",
      "takerOrderId": "67444aa0f15b2700078dadd3",
      "time": "1732528800601000000",
      "tradeId": "5672963165272065",
      "type": "match",
      "time_before_que.put": "10:00:00.653",
      "seconds_from_release": 0.653593,
      "time_after_queue.get": "10:00:00.653"
    }
  },
  {
    "topic": "/market/match:ZRC-USDT",
    "type": "message",
    "subject": "trade.l3match",
    "data": {
      "makerOrderId": "674447dc088f010007838cab",
      "price": "0.08",
      "sequence": "5672963181000705",
      "side": "buy",
      "size": "10",
      "symbol": "ZRC-USDT",
      "takerOrderId": "67444aa06967d30007f11acb",
      "time": "1732528800631000000",
      "tradeId": "5672963181000705",
      "type": "match",
      "time_before_que.put": "10:00:00.683",
      "seconds_from_release": 0.683683,
      "time_after_queue.get": "10:00:00.684"
    }
  },
  {
    "topic": "/market/match:ZRC-USDT",
    "type": "message",
    "subject": "trade.l3match",
    "data": {
      "makerOrderId": "674447dc088f010007838cab",
      "price": "0.08",
      "sequence": "5672963184015361",
      "side": "buy",
      "size": "10",
      "symbol": "ZRC-USDT",
      "takerOrderId": "67444aa0b7e21a00075116d9",
      "time": "1732528800635000000",
      "tradeId": "5672963184015361",
      "type": "match",
      "time_before_que.put": "10:00:00.684",
      "seconds_from_release": 0.684004,
      "time_after_queue.get": "10:00:00.684"
    }
  },
  {
    "topic": "/market/match:ZRC-USDT",
    "type": "message",
    "subject": "trade.l3match",
    "data": {
      "makerOrderId": "674447dc088f010007838cab",
      "price": "0.08",
      "sequence": "5672963185588225",
      "side": "buy",
      "size": "10",
      "symbol": "ZRC-USDT",
      "takerOrderId": "67444aa0c5ba74000775cb45",
      "time": "1732528800636000000",
      "tradeId": "5672963185588225",
      "type": "match",
      "time_before_que.put": "10:00:00.684",
      "seconds_from_release": 0.684566,
      "time_after_queue.get": "10:00:00.687"
    }
  },
  {
    "topic": "/market/match:ZRC-USDT",
    "type": "message",
    "subject": "trade.l3match",
    "data": {
      "makerOrderId": "674447dc088f010007838cab",
      "price": "0.08",
      "sequence": "5672963186767873",
      "side": "buy",
      "size": "10",
      "symbol": "ZRC-USDT",
      "takerOrderId": "67444aa0d52cb80007eaf775",
      "time": "1732528800638000000",
      "tradeId": "5672963186767873",
      "type": "match",
      "time_before_que.put": "10:00:00.687",
      "seconds_from_release": 0.687629,
      "time_after_queue.get": "10:00:00.688"
    }
  },
  {
    "topic": "/market/match:ZRC-USDT",
    "type": "message",
    "subject": "trade.l3match",
    "data": {
      "makerOrderId": "674447dc088f010007838cab",
      "price": "0.08",
      "sequence": "5672963199219713",
      "side": "buy",
      "size": "10",
      "symbol": "ZRC-USDT",
      "takerOrderId": "67444aa031d0950007188250",
      "time": "1732528800671000000",
      "tradeId": "5672963199219713",
      "type": "match",
      "time_before_que.put": "10:00:00.721",
      "seconds_from_release": 0.721987,
      "time_after_queue.get": "10:00:00.724"
    }
  },
  {
    "topic": "/market/match:ZRC-USDT",
    "type": "message",
    "subject": "trade.l3match",
    "data": {
      "makerOrderId": "674447dc088f010007838cab",
      "price": "0.08",
      "sequence": "5672963200399361",
      "side": "buy",
      "size": "10",
      "symbol": "ZRC-USDT",
      "takerOrderId": "67444aa0f1bf40000781d140",
      "time": "1732528800673000000",
      "tradeId": "5672963200399361",
      "type": "match",
      "time_before_que.put": "10:00:00.722",
      "seconds_from_release": 0.72242,
      "time_after_queue.get": "10:00:00.725"
    }
  },
  {
    "topic": "/market/match:ZRC-USDT",
    "type": "message",
    "subject": "trade.l3match",
    "data": {
      "makerOrderId": "674447dc088f010007838cab",
      "price": "0.08",
      "sequence": "5672963203414017",
      "side": "buy",
      "size": "10",
      "symbol": "ZRC-USDT",
      "takerOrderId": "67444aa0b7e21a000751177e",
      "time": "1732528800680000000",
      "tradeId": "5672963203414017",
      "type": "match",
      "time_before_que.put": "10:00:00.731",
      "seconds_from_release": 0.731966,
      "time_after_queue.get": "10:00:00.732"
    }
  },
  {
    "topic": "/market/match:ZRC-USDT",
    "type": "message",
    "subject": "trade.l3match",
    "data": {
      "makerOrderId": "674447dc088f010007838cab",
      "price": "0.08",
      "sequence": "5672963209574401",
      "side": "buy",
      "size": "10",
      "symbol": "ZRC-USDT",
      "takerOrderId": "67444aa0f4f1200007a60131",
      "time": "1732528800691000000",
      "tradeId": "5672963209574401",
      "type": "match",
      "time_before_que.put": "10:00:00.738",
      "seconds_from_release": 0.738887,
      "time_after_queue.get": "10:00:00.739"
    }
  },
  {
    "topic": "/market/match:ZRC-USDT",
    "type": "message",
    "subject": "trade.l3match",
    "data": {
      "makerOrderId": "674447dc088f010007838cab",
      "price": "0.08",
      "sequence": "5672963211671553",
      "side": "buy",
      "size": "10",
      "symbol": "ZRC-USDT",
      "takerOrderId": "67444aa067cdc9000738bae0",
      "time": "1732528800695000000",
      "tradeId": "5672963211671553",
      "type": "match",
      "time_before_que.put": "10:00:00.744",
      "seconds_from_release": 0.744614,
      "time_after_queue.get": "10:00:00.745"
    }
  },
  {
    "topic": "/market/match:ZRC-USDT",
    "type": "message",
    "subject": "trade.l3match",
    "data": {
      "makerOrderId": "674447dc088f010007838cab",
      "price": "0.08",
      "sequence": "5672963211802625",
      "side": "buy",
      "size": "10",
      "symbol": "ZRC-USDT",
      "takerOrderId": "67444aa0cf286a00072c0e25",
      "time": "1732528800695000000",
      "tradeId": "5672963211802625",
      "type": "match",
      "time_before_que.put": "10:00:00.745",
      "seconds_from_release": 0.74527,
      "time_after_queue.get": "10:00:00.745"
    }
  },
  {
    "topic": "/market/match:ZRC-USDT",
    "type": "message",
    "subject": "trade.l3match",
    "data": {
      "makerOrderId": "674447dc088f010007838cab",
      "price": "0.08",
      "sequence": "5672963218225153",
      "side": "buy",
      "size": "10",
      "symbol": "ZRC-USDT",
      "takerOrderId": "67444aa0f4a7c50007879623",
      "time": "1732528800710000000",
      "tradeId": "5672963218225153",
      "type": "match",
      "time_before_que.put": "10:00:00.758",
      "seconds_from_release": 0.758534,
      "time_after_queue.get": "10:00:00.759"
    }
  },
  {
    "topic": "/market/match:ZRC-USDT",
    "type": "message",
    "subject": "trade.l3match",
    "data": {
      "makerOrderId": "674447dc088f010007838cab",
      "price": "0.08",
      "sequence": "5672963227793409",
      "side": "buy",
      "size": "10",
      "symbol": "ZRC-USDT",
      "takerOrderId": "67444aa0df6f6e000761335e",
      "time": "1732528800723000000",
      "tradeId": "5672963227793409",
      "type": "match",
      "time_before_que.put": "10:00:00.765",
      "seconds_from_release": 0.765965,
      "time_after_queue.get": "10:00:00.766"
    }
  },
  {
    "topic": "/market/match:ZRC-USDT",
    "type": "message",
    "subject": "trade.l3match",
    "data": {
      "makerOrderId": "674447dc088f010007838cab",
      "price": "0.08",
      "sequence": "5672963235264513",
      "side": "buy",
      "size": "10",
      "symbol": "ZRC-USDT",
      "takerOrderId": "67444aa0088f01000795a452",
      "time": "1732528800732000000",
      "tradeId": "5672963235264513",
      "type": "match",
      "time_before_que.put": "10:00:00.783",
      "seconds_from_release": 0.78303,
      "time_after_queue.get": "10:00:00.783"
    }
  },
  {
    "topic": "/market/match:ZRC-USDT",
    "type": "message",
    "subject": "trade.l3match",
    "data": {
      "makerOrderId": "674447dc088f010007838cab",
      "price": "0.08",
      "sequence": "5672963249289217",
      "side": "buy",
      "size": "10",
      "symbol": "ZRC-USDT",
      "takerOrderId": "67444aa01586c100078c0479",
      "time": "1732528800753000000",
      "tradeId": "5672963249289217",
      "type": "match",
      "time_before_que.put": "10:00:00.802",
      "seconds_from_release": 0.802378,
      "time_after_queue.get": "10:00:00.802"
    }
  },
  {
    "topic": "/market/match:ZRC-USDT",
    "type": "message",
    "subject": "trade.l3match",
    "data": {
      "makerOrderId": "674447dc088f010007838cab",
      "price": "0.08",
      "sequence": "5672963257939969",
      "side": "buy",
      "size": "10",
      "symbol": "ZRC-USDT",
      "takerOrderId": "67444aa04fe7460007e810e9",
      "time": "1732528800769000000",
      "tradeId": "5672963257939969",
      "type": "match",
      "time_before_que.put": "10:00:00.820",
      "seconds_from_release": 0.820614,
      "time_after_queue.get": "10:00:00.821"
    }
  },
  {
    "topic": "/market/match:ZRC-USDT",
    "type": "message",
    "subject": "trade.l3match",
    "data": {
      "makerOrderId": "674447dc088f010007838cab",
      "price": "0.08",
      "sequence": "5672963264755713",
      "side": "buy",
      "size": "10",
      "symbol": "ZRC-USDT",
      "takerOrderId": "67444aa06967d30007f11d60",
      "time": "1732528800781000000",
      "tradeId": "5672963264755713",
      "type": "match",
      "time_before_que.put": "10:00:00.837",
      "seconds_from_release": 0.837805,
      "time_after_queue.get": "10:00:00.838"
    }
  },
  {
    "topic": "/market/match:ZRC-USDT",
    "type": "message",
    "subject": "trade.l3match",
    "data": {
      "makerOrderId": "674447dc088f010007838cab",
      "price": "0.08",
      "sequence": "5672963271702529",
      "side": "buy",
      "size": "10",
      "symbol": "ZRC-USDT",
      "takerOrderId": "67444aa0df6f6e00076134d5",
      "time": "1732528800796000000",
      "tradeId": "5672963271702529",
      "type": "match",
      "time_before_que.put": "10:00:00.843",
      "seconds_from_release": 0.843942,
      "time_after_queue.get": "10:00:00.844"
    }
  },
  {
    "topic": "/market/match:ZRC-USDT",
    "type": "message",
    "subject": "trade.l3match",
    "data": {
      "makerOrderId": "674447dc088f010007838cab",
      "price": "0.08",
      "sequence": "5672963281008641",
      "side": "buy",
      "size": "10",
      "symbol": "ZRC-USDT",
      "takerOrderId": "67444aa0df6f6e0007613522",
      "time": "1732528800812000000",
      "tradeId": "5672963281008641",
      "type": "match",
      "time_before_que.put": "10:00:00.862",
      "seconds_from_release": 0.862749,
      "time_after_queue.get": "10:00:00.862"
    }
  },
  {
    "topic": "/market/match:ZRC-USDT",
    "type": "message",
    "subject": "trade.l3match",
    "data": {
      "makerOrderId": "674447dc088f010007838cab",
      "price": "0.08",
      "sequence": "5672963294509057",
      "side": "buy",
      "size": "10",
      "symbol": "ZRC-USDT",
      "takerOrderId": "67444aa0f1bf40000781d42e",
      "time": "1732528800852000000",
      "tradeId": "5672963294509057",
      "type": "match",
      "time_before_que.put": "10:00:00.903",
      "seconds_from_release": 0.903163,
      "time_after_queue.get": "10:00:00.903"
    }
  },
  {
    "topic": "/market/match:ZRC-USDT",
    "type": "message",
    "subject": "trade.l3match",
    "data": {
      "makerOrderId": "674447dc088f010007838cab",
      "price": "0.08",
      "sequence": "5672963298310145",
      "side": "buy",
      "size": "10",
      "symbol": "ZRC-USDT",
      "takerOrderId": "67444aa0f15b2700078db266",
      "time": "1732528800863000000",
      "tradeId": "5672963298310145",
      "type": "match",
      "time_before_que.put": "10:00:00.907",
      "seconds_from_release": 0.907689,
      "time_after_queue.get": "10:00:00.908"
    }
  },
  {
    "topic": "/market/match:ZRC-USDT",
    "type": "message",
    "subject": "trade.l3match",
    "data": {
      "makerOrderId": "674447dc088f010007838cab",
      "price": "0.08",
      "sequence": "5672963299358721",
      "side": "buy",
      "size": "10",
      "symbol": "ZRC-USDT",
      "takerOrderId": "67444aa0088f01000795a6a7",
      "time": "1732528800864000000",
      "tradeId": "5672963299358721",
      "type": "match",
      "time_before_que.put": "10:00:00.913",
      "seconds_from_release": 0.913457,
      "time_after_queue.get": "10:00:00.913"
    }
  },
  {
    "topic": "/market/match:ZRC-USDT",
    "type": "message",
    "subject": "trade.l3match",
    "data": {
      "makerOrderId": "674447dc088f010007838cab",
      "price": "0.08",
      "sequence": "5672963301718017",
      "side": "buy",
      "size": "10",
      "symbol": "ZRC-USDT",
      "takerOrderId": "67444aa031d0950007188598",
      "time": "1732528800867000000",
      "tradeId": "5672963301718017",
      "type": "match",
      "time_before_que.put": "10:00:00.913",
      "seconds_from_release": 0.913725,
      "time_after_queue.get": "10:00:00.914"
    }
  },
  {
    "topic": "/market/match:ZRC-USDT",
    "type": "message",
    "subject": "trade.l3match",
    "data": {
      "makerOrderId": "674447dc088f010007838cab",
      "price": "0.08",
      "sequence": "5672963327539201",
      "side": "buy",
      "size": "10",
      "symbol": "ZRC-USDT",
      "takerOrderId": "67444aa068486d0007774bd0",
      "time": "1732528800886000000",
      "tradeId": "5672963327539201",
      "type": "match",
      "time_before_que.put": "10:00:00.938",
      "seconds_from_release": 0.938198,
      "time_after_queue.get": "10:00:00.938"
    }
  },
  {
    "topic": "/market/match:ZRC-USDT",
    "type": "message",
    "subject": "trade.l3match",
    "data": {
      "makerOrderId": "674447dc088f010007838cab",
      "price": "0.08",
      "sequence": "5672963329243137",
      "side": "buy",
      "size": "10",
      "symbol": "ZRC-USDT",
      "takerOrderId": "67444aa0f4f1200007a60456",
      "time": "1732528800888000000",
      "tradeId": "5672963329243137",
      "type": "match",
      "time_before_que.put": "10:00:00.938",
      "seconds_from_release": 0.93862,
      "time_after_queue.get": "10:00:00.939"
    }
  },
  {
    "topic": "/market/match:ZRC-USDT",
    "type": "message",
    "subject": "trade.l3match",
    "data": {
      "makerOrderId": "674447dc088f010007838cab",
      "price": "0.08",
      "sequence": "5672963335010305",
      "side": "buy",
      "size": "10",
      "symbol": "ZRC-USDT",
      "takerOrderId": "67444aa0c5ba74000775cf65",
      "time": "1732528800910000000",
      "tradeId": "5672963335010305",
      "type": "match",
      "time_before_que.put": "10:00:00.963",
      "seconds_from_release": 0.963007,
      "time_after_queue.get": "10:00:00.965"
    }
  },
  {
    "topic": "/market/match:ZRC-USDT",
    "type": "message",
    "subject": "trade.l3match",
    "data": {
      "makerOrderId": "674447dc088f010007838cab",
      "price": "0.08",
      "sequence": "5672963337107457",
      "side": "buy",
      "size": "10",
      "symbol": "ZRC-USDT",
      "takerOrderId": "67444aa0f15b2700078db2fb",
      "time": "1732528800917000000",
      "tradeId": "5672963337107457",
      "type": "match",
      "time_before_que.put": "10:00:00.965",
      "seconds_from_release": 0.965322,
      "time_after_queue.get": "10:00:00.965"
    }
  },
  {
    "topic": "/market/match:ZRC-USDT",
    "type": "message",
    "subject": "trade.l3match",
    "data": {
      "makerOrderId": "674447dc088f010007838cab",
      "price": "0.08",
      "sequence": "5672963339466753",
      "side": "buy",
      "size": "10",
      "symbol": "ZRC-USDT",
      "takerOrderId": "67444aa0c65bf70007208451",
      "time": "1732528800924000000",
      "tradeId": "5672963339466753",
      "type": "match",
      "time_before_que.put": "10:00:00.972",
      "seconds_from_release": 0.972797,
      "time_after_queue.get": "10:00:00.973"
    }
  },
  {
    "topic": "/market/match:ZRC-USDT",
    "type": "message",
    "subject": "trade.l3match",
    "data": {
      "makerOrderId": "674447dc088f010007838cab",
      "price": "0.08",
      "sequence": "5672963342743553",
      "side": "buy",
      "size": "10",
      "symbol": "ZRC-USDT",
      "takerOrderId": "67444aa0ae93cc0007b5dd88",
      "time": "1732528800934000000",
      "tradeId": "5672963342743553",
      "type": "match",
      "time_before_que.put": "10:00:00.980",
      "seconds_from_release": 0.980732,
      "time_after_queue.get": "10:00:00.982"
    }
  },
  {
    "topic": "/market/match:ZRC-USDT",
    "type": "message",
    "subject": "trade.l3match",
    "data": {
      "makerOrderId": "674447dc088f010007838cab",
      "price": "0.08",
      "sequence": "5672963343005697",
      "side": "buy",
      "size": "10",
      "symbol": "ZRC-USDT",
      "takerOrderId": "67444aa0088f01000795a75e",
      "time": "1732528800934000000",
      "tradeId": "5672963343005697",
      "type": "match",
      "time_before_que.put": "10:00:00.982",
      "seconds_from_release": 0.982069,
      "time_after_queue.get": "10:00:00.982"
    }
  },
  {
    "topic": "/market/match:ZRC-USDT",
    "type": "message",
    "subject": "trade.l3match",
    "data": {
      "makerOrderId": "674447dc088f010007838cab",
      "price": "0.08",
      "sequence": "5672963346937857",
      "side": "buy",
      "size": "10",
      "symbol": "ZRC-USDT",
      "takerOrderId": "67444aa0df6f6e000761369b",
      "time": "1732528800946000000",
      "tradeId": "5672963346937857",
      "type": "match",
      "time_before_que.put": "10:00:00.992",
      "seconds_from_release": 0.99267,
      "time_after_queue.get": "10:00:00.993"
    }
  },
  {
    "topic": "/market/match:ZRC-USDT",
    "type": "message",
    "subject": "trade.l3match",
    "data": {
      "makerOrderId": "674447dc088f010007838cab",
      "price": "0.08",
      "sequence": "5672963349690369",
      "side": "buy",
      "size": "10",
      "symbol": "ZRC-USDT",
      "takerOrderId": "67444aa0b7e21a0007511b8b",
      "time": "1732528800957000000",
      "tradeId": "5672963349690369",
      "type": "match",
      "time_before_que.put": "10:00:01.006",
      "seconds_from_release": 1.006473,
      "time_after_queue.get": "10:00:01.006"
    }
  },
  {
    "topic": "/market/match:ZRC-USDT",
    "type": "message",
    "subject": "trade.l3match",
    "data": {
      "makerOrderId": "674447dc088f010007838cab",
      "price": "0.08",
      "sequence": "5672963361224705",
      "side": "buy",
      "size": "10",
      "symbol": "ZRC-USDT",
      "takerOrderId": "67444aa0df6f6e00076136e6",
      "time": "1732528800987000000",
      "tradeId": "5672963361224705",
      "type": "match",
      "time_before_que.put": "10:00:01.035",
      "seconds_from_release": 1.035123,
      "time_after_queue.get": "10:00:01.035"
    }
  },
  {
    "topic": "/market/match:ZRC-USDT",
    "type": "message",
    "subject": "trade.l3match",
    "data": {
      "makerOrderId": "674447dc088f010007838cab",
      "price": "0.08",
      "sequence": "5672963375118337",
      "side": "buy",
      "size": "10",
      "symbol": "ZRC-USDT",
      "takerOrderId": "67444aa167cdc9000738bf21",
      "time": "1732528801024000000",
      "tradeId": "5672963375118337",
      "type": "match",
      "time_before_que.put": "10:00:01.073",
      "seconds_from_release": 1.073978,
      "time_after_queue.get": "10:00:01.074"
    }
  },
  {
    "topic": "/market/match:ZRC-USDT",
    "type": "message",
    "subject": "trade.l3match",
    "data": {
      "makerOrderId": "674447dc088f010007838cab",
      "price": "0.08",
      "sequence": "5672963380230145",
      "side": "buy",
      "size": "10",
      "symbol": "ZRC-USDT",
      "takerOrderId": "67444aa11586c100078c07cd",
      "time": "1732528801031000000",
      "tradeId": "5672963380230145",
      "type": "match",
      "time_before_que.put": "10:00:01.089",
      "seconds_from_release": 1.08963,
      "time_after_queue.get": "10:00:01.090"
    }
  },
  {
    "topic": "/market/match:ZRC-USDT",
    "type": "message",
    "subject": "trade.l3match",
    "data": {
      "makerOrderId": "674447dc088f010007838cab",
      "price": "0.08",
      "sequence": "5672963380361217",
      "side": "buy",
      "size": "10",
      "symbol": "ZRC-USDT",
      "takerOrderId": "67444aa1c5ba74000775d052",
      "time": "1732528801031000000",
      "tradeId": "5672963380361217",
      "type": "match",
      "time_before_que.put": "10:00:01.090",
      "seconds_from_release": 1.090641,
      "time_after_queue.get": "10:00:01.091"
    }
  },
  {
    "topic": "/market/match:ZRC-USDT",
    "type": "message",
    "subject": "trade.l3match",
    "data": {
      "makerOrderId": "674447dc088f010007838cab",
      "price": "0.08",
      "sequence": "5672963389011969",
      "side": "buy",
      "size": "10",
      "symbol": "ZRC-USDT",
      "takerOrderId": "67444aa1c5ba74000775d073",
      "time": "1732528801041000000",
      "tradeId": "5672963389011969",
      "type": "match",
      "time_before_que.put": "10:00:01.091",
      "seconds_from_release": 1.091004,
      "time_after_queue.get": "10:00:01.097"
    }
  },
  {
    "topic": "/market/match:ZRC-USDT",
    "type": "message",
    "subject": "trade.l3match",
    "data": {
      "makerOrderId": "674447dc088f010007838cab",
      "price": "0.08",
      "sequence": "5672963392550913",
      "side": "buy",
      "size": "10",
      "symbol": "ZRC-USDT",
      "takerOrderId": "67444aa14fe7460007e8142f",
      "time": "1732528801047000000",
      "tradeId": "5672963392550913",
      "type": "match",
      "time_before_que.put": "10:00:01.091",
      "seconds_from_release": 1.091386,
      "time_after_queue.get": "10:00:01.098"
    }
  },
  {
    "topic": "/market/match:ZRC-USDT",
    "type": "message",
    "subject": "trade.l3match",
    "data": {
      "makerOrderId": "674447dc088f010007838cab",
      "price": "0.08",
      "sequence": "5672963401988097",
      "side": "buy",
      "size": "10",
      "symbol": "ZRC-USDT",
      "takerOrderId": "67444aa1f1bf40000781d615",
      "time": "1732528801067000000",
      "tradeId": "5672963401988097",
      "type": "match",
      "time_before_que.put": "10:00:01.115",
      "seconds_from_release": 1.115713,
      "time_after_queue.get": "10:00:01.116"
    }
  },
  {
    "topic": "/market/match:ZRC-USDT",
    "type": "message",
    "subject": "trade.l3match",
    "data": {
      "makerOrderId": "674447dc088f010007838cab",
      "price": "0.08",
      "sequence": "5672963406968833",
      "side": "buy",
      "size": "10",
      "symbol": "ZRC-USDT",
      "takerOrderId": "67444aa1c5ba74000775d0c2",
      "time": "1732528801105000000",
      "tradeId": "5672963406968833",
      "type": "match",
      "time_before_que.put": "10:00:01.153",
      "seconds_from_release": 1.153496,
      "time_after_queue.get": "10:00:01.154"
    }
  },
  {
    "topic": "/market/match:ZRC-USDT",
    "type": "message",
    "subject": "trade.l3match",
    "data": {
      "makerOrderId": "674447dc088f010007838cab",
      "price": "0.08",
      "sequence": "5672963407230977",
      "side": "buy",
      "size": "10",
      "symbol": "ZRC-USDT",
      "takerOrderId": "67444aa1f4f1200007a60623",
      "time": "1732528801105000000",
      "tradeId": "5672963407230977",
      "type": "match",
      "time_before_que.put": "10:00:01.153",
      "seconds_from_release": 1.153826,
      "time_after_queue.get": "10:00:01.154"
    }
  },
  {
    "topic": "/market/match:ZRC-USDT",
    "type": "message",
    "subject": "trade.l3match",
    "data": {
      "makerOrderId": "674447dc088f010007838cab",
      "price": "0.08",
      "sequence": "5672963407362049",
      "side": "buy",
      "size": "10",
      "symbol": "ZRC-USDT",
      "takerOrderId": "67444aa131d0950007188789",
      "time": "1732528801105000000",
      "tradeId": "5672963407362049",
      "type": "match",
      "time_before_que.put": "10:00:01.154",
      "seconds_from_release": 1.154062,
      "time_after_queue.get": "10:00:01.154"
    }
  },
  {
    "topic": "/market/match:ZRC-USDT",
    "type": "message",
    "subject": "trade.l3match",
    "data": {
      "makerOrderId": "674447dc088f010007838cab",
      "price": "0.08",
      "sequence": "5672963418765313",
      "side": "buy",
      "size": "10",
      "symbol": "ZRC-USDT",
      "takerOrderId": "67444aa137061e000731f75e",
      "time": "1732528801163000000",
      "tradeId": "5672963418765313",
      "type": "match",
      "time_before_que.put": "10:00:01.213",
      "seconds_from_release": 1.213911,
      "time_after_queue.get": "10:00:01.214"
    }
  },
  {
    "topic": "/market/match:ZRC-USDT",
    "type": "message",
    "subject": "trade.l3match",
    "data": {
      "makerOrderId": "674447dc088f010007838cab",
      "price": "0.08",
      "sequence": "5672963419158529",
      "side": "buy",
      "size": "10",
      "symbol": "ZRC-USDT",
      "takerOrderId": "67444aa137061e000731f764",
      "time": "1732528801163000000",
      "tradeId": "5672963419158529",
      "type": "match",
      "time_before_que.put": "10:00:01.214",
      "seconds_from_release": 1.214491,
      "time_after_queue.get": "10:00:01.215"
    }
  },
  {
    "topic": "/market/match:ZRC-USDT",
    "type": "message",
    "subject": "trade.l3match",
    "data": {
      "makerOrderId": "674447dc088f010007838cab",
      "price": "0.08",
      "sequence": "5672963419289601",
      "side": "buy",
      "size": "10",
      "symbol": "ZRC-USDT",
      "takerOrderId": "67444aa1ae93cc0007b5df40",
      "time": "1732528801163000000",
      "tradeId": "5672963419289601",
      "type": "match",
      "time_before_que.put": "10:00:01.214",
      "seconds_from_release": 1.214825,
      "time_after_queue.get": "10:00:01.216"
    }
  },
  {
    "topic": "/market/match:ZRC-USDT",
    "type": "message",
    "subject": "trade.l3match",
    "data": {
      "makerOrderId": "674447dc088f010007838cab",
      "price": "0.08",
      "sequence": "5672963419944961",
      "side": "buy",
      "size": "10",
      "symbol": "ZRC-USDT",
      "takerOrderId": "67444aa1d52cb80007eafd96",
      "time": "1732528801163000000",
      "tradeId": "5672963419944961",
      "type": "match",
      "time_before_que.put": "10:00:01.215",
      "seconds_from_release": 1.215117,
      "time_after_queue.get": "10:00:01.216"
    }
  },
  {
    "topic": "/market/match:ZRC-USDT",
    "type": "message",
    "subject": "trade.l3match",
    "data": {
      "makerOrderId": "674447dc088f010007838cab",
      "price": "0.08",
      "sequence": "5672963440654337",
      "side": "buy",
      "size": "10",
      "symbol": "ZRC-USDT",
      "takerOrderId": "67444aa131d0950007188833",
      "time": "1732528801260000000",
      "tradeId": "5672963440654337",
      "type": "match",
      "time_before_que.put": "10:00:01.402",
      "seconds_from_release": 1.402123,
      "time_after_queue.get": "10:00:01.403"
    }
  },
  {
    "topic": "/market/match:ZRC-USDT",
    "type": "message",
    "subject": "trade.l3match",
    "data": {
      "makerOrderId": "674447dc088f010007838cab",
      "price": "0.08",
      "sequence": "5672963441309697",
      "side": "buy",
      "size": "10",
      "symbol": "ZRC-USDT",
      "takerOrderId": "67444aa131d095000718883b",
      "time": "1732528801260000000",
      "tradeId": "5672963441309697",
      "type": "match",
      "time_before_que.put": "10:00:01.402",
      "seconds_from_release": 1.402465,
      "time_after_queue.get": "10:00:01.403"
    }
  },
  {
    "topic": "/market/match:ZRC-USDT",
    "type": "message",
    "subject": "trade.l3match",
    "data": {
      "makerOrderId": "674447dc088f010007838cab",
      "price": "0.08",
      "sequence": "5672963442096129",
      "side": "buy",
      "size": "10",
      "symbol": "ZRC-USDT",
      "takerOrderId": "67444aa1c5ba74000775d181",
      "time": "1732528801260000000",
      "tradeId": "5672963442096129",
      "type": "match",
      "time_before_que.put": "10:00:01.402",
      "seconds_from_release": 1.402901,
      "time_after_queue.get": "10:00:01.403"
    }
  },
  {
    "topic": "/market/match:ZRC-USDT",
    "type": "message",
    "subject": "trade.l3match",
    "data": {
      "makerOrderId": "674447dc088f010007838cab",
      "price": "0.08",
      "sequence": "5672963464902657",
      "side": "buy",
      "size": "10",
      "symbol": "ZRC-USDT",
      "takerOrderId": "67444aa168486d0007774ec7",
      "time": "1732528801294000000",
      "tradeId": "5672963464902657",
      "type": "match",
      "time_before_que.put": "10:00:01.494",
      "seconds_from_release": 1.494815,
      "time_after_queue.get": "10:00:01.498"
    }
  },
  {
    "topic": "/market/match:ZRC-USDT",
    "type": "message",
    "subject": "trade.l3match",
    "data": {
      "makerOrderId": "674447dc088f010007838cab",
      "price": "0.08",
      "sequence": "5672963465295873",
      "side": "buy",
      "size": "10",
      "symbol": "ZRC-USDT",
      "takerOrderId": "67444aa16967d30007f121cc",
      "time": "1732528801298000000",
      "tradeId": "5672963465295873",
      "type": "match",
      "time_before_que.put": "10:00:01.495",
      "seconds_from_release": 1.495338,
      "time_after_queue.get": "10:00:01.509"
    }
  },
  {
    "topic": "/market/match:ZRC-USDT",
    "type": "message",
    "subject": "trade.l3match",
    "data": {
      "makerOrderId": "674447dc088f010007838cab",
      "price": "0.08",
      "sequence": "5672963484170241",
      "side": "buy",
      "size": "10",
      "symbol": "ZRC-USDT",
      "takerOrderId": "67444aa11586c100078c09d9",
      "time": "1732528801337000000",
      "tradeId": "5672963484170241",
      "type": "match",
      "time_before_que.put": "10:00:01.495",
      "seconds_from_release": 1.49564,
      "time_after_queue.get": "10:00:01.509"
    }
  },
  {
    "topic": "/market/match:ZRC-USDT",
    "type": "message",
    "subject": "trade.l3match",
    "data": {
      "makerOrderId": "674447dc088f010007838cab",
      "price": "0.08",
      "sequence": "5672963490461697",
      "side": "buy",
      "size": "10",
      "symbol": "ZRC-USDT",
      "takerOrderId": "67444aa137061e000731f8d3",
      "time": "1732528801351000000",
      "tradeId": "5672963490461697",
      "type": "match",
      "time_before_que.put": "10:00:01.497",
      "seconds_from_release": 1.497614,
      "time_after_queue.get": "10:00:01.510"
    }
  },
  {
    "topic": "/market/match:ZRC-USDT",
    "type": "message",
    "subject": "trade.l3match",
    "data": {
      "makerOrderId": "674447dc088f010007838cab",
      "price": "0.08",
      "sequence": "5672963506321409",
      "side": "buy",
      "size": "10",
      "symbol": "ZRC-USDT",
      "takerOrderId": "67444aa131d09500071889c5",
      "time": "1732528801395000000",
      "tradeId": "5672963506321409",
      "type": "match",
      "time_before_que.put": "10:00:01.498",
      "seconds_from_release": 1.498084,
      "time_after_queue.get": "10:00:01.510"
    }
  },
  {
    "topic": "/market/match:ZRC-USDT",
    "type": "message",
    "subject": "trade.l3match",
    "data": {
      "makerOrderId": "674447dc088f010007838cab",
      "price": "0.08",
      "sequence": "5672963506452481",
      "side": "buy",
      "size": "10",
      "symbol": "ZRC-USDT",
      "takerOrderId": "67444aa1088f01000795aad0",
      "time": "1732528801395000000",
      "tradeId": "5672963506452481",
      "type": "match",
      "time_before_que.put": "10:00:01.508",
      "seconds_from_release": 1.508624,
      "time_after_queue.get": "10:00:01.511"
    }
  },
  {
    "topic": "/market/match:ZRC-USDT",
    "type": "message",
    "subject": "trade.l3match",
    "data": {
      "makerOrderId": "674447dc088f010007838cab",
      "price": "0.08",
      "sequence": "5672963509073921",
      "side": "buy",
      "size": "10",
      "symbol": "ZRC-USDT",
      "takerOrderId": "67444aa1ae93cc0007b5e10a",
      "time": "1732528801401000000",
      "tradeId": "5672963509073921",
      "type": "match",
      "time_before_que.put": "10:00:01.509",
      "seconds_from_release": 1.509358,
      "time_after_queue.get": "10:00:01.511"
    }
  },
  {
    "topic": "/market/match:ZRC-USDT",
    "type": "message",
    "subject": "trade.l3match",
    "data": {
      "makerOrderId": "674447dc088f010007838cab",
      "price": "0.08",
      "sequence": "5672963512350721",
      "side": "buy",
      "size": "10",
      "symbol": "ZRC-USDT",
      "takerOrderId": "67444aa1ae93cc0007b5e11b",
      "time": "1732528801407000000",
      "tradeId": "5672963512350721",
      "type": "match",
      "time_before_que.put": "10:00:01.509",
      "seconds_from_release": 1.509694,
      "time_after_queue.get": "10:00:01.511"
    }
  },
  {
    "topic": "/market/match:ZRC-USDT",
    "type": "message",
    "subject": "trade.l3match",
    "data": {
      "makerOrderId": "674447dc088f010007838cab",
      "price": "0.08",
      "sequence": "5672963531225089",
      "side": "buy",
      "size": "200",
      "symbol": "ZRC-USDT",
      "takerOrderId": "67444aa168486d0007775025",
      "time": "1732528801449000000",
      "tradeId": "5672963531225089",
      "type": "match",
      "time_before_que.put": "10:00:01.509",
      "seconds_from_release": 1.509896,
      "time_after_queue.get": "10:00:01.513"
    }
  },
  {
    "topic": "/market/match:ZRC-USDT",
    "type": "message",
    "subject": "trade.l3match",
    "data": {
      "makerOrderId": "67444978b7e21a00074a0ebe",
      "price": "0.08056",
      "sequence": "5672963531225092",
      "side": "buy",
      "size": "1016.7",
      "symbol": "ZRC-USDT",
      "takerOrderId": "67444aa168486d0007775025",
      "time": "1732528801449000000",
      "tradeId": "5672963531225092",
      "type": "match",
      "time_before_que.put": "10:00:01.510",
      "seconds_from_release": 1.510515,
      "time_after_queue.get": "10:00:01.513"
    }
  },
  {
    "topic": "/market/match:ZRC-USDT",
    "type": "message",
    "subject": "trade.l3match",
    "data": {
      "makerOrderId": "674449786967d30007ea0d52",
      "price": "0.08333",
      "sequence": "5672963532797953",
      "side": "buy",
      "size": "10",
      "symbol": "ZRC-USDT",
      "takerOrderId": "67444aa131d0950007188a71",
      "time": "1732528801453000000",
      "tradeId": "5672963532797953",
      "type": "match",
      "time_before_que.put": "10:00:01.510",
      "seconds_from_release": 1.51098,
      "time_after_queue.get": "10:00:01.513"
    }
  },
  {
    "topic": "/market/match:ZRC-USDT",
    "type": "message",
    "subject": "trade.l3match",
    "data": {
      "makerOrderId": "674449786967d30007ea0d52",
      "price": "0.08333",
      "sequence": "5672963542890497",
      "side": "buy",
      "size": "10",
      "symbol": "ZRC-USDT",
      "takerOrderId": "67444aa1f15b2700078db75e",
      "time": "1732528801476000000",
      "tradeId": "5672963542890497",
      "type": "match",
      "time_before_que.put": "10:00:01.529",
      "seconds_from_release": 1.529567,
      "time_after_queue.get": "10:00:01.531"
    }
  },
  {
    "topic": "/market/match:ZRC-USDT",
    "type": "message",
    "subject": "trade.l3match",
    "data": {
      "makerOrderId": "674449786967d30007ea0d52",
      "price": "0.08333",
      "sequence": "5672963545774081",
      "side": "buy",
      "size": "10",
      "symbol": "ZRC-USDT",
      "takerOrderId": "67444aa131d0950007188ac2",
      "time": "1732528801484000000",
      "tradeId": "5672963545774081",
      "type": "match",
      "time_before_que.put": "10:00:01.530",
      "seconds_from_release": 1.530221,
      "time_after_queue.get": "10:00:01.534"
    }
  },
  {
    "topic": "/market/match:ZRC-USDT",
    "type": "message",
    "subject": "trade.l3match",
    "data": {
      "makerOrderId": "674449786967d30007ea0d52",
      "price": "0.08333",
      "sequence": "5672963548002305",
      "side": "buy",
      "size": "10",
      "symbol": "ZRC-USDT",
      "takerOrderId": "67444aa1f4f1200007a60976",
      "time": "1732528801490000000",
      "tradeId": "5672963548002305",
      "type": "match",
      "time_before_que.put": "10:00:01.541",
      "seconds_from_release": 1.541711,
      "time_after_queue.get": "10:00:01.542"
    }
  },
  {
    "topic": "/market/match:ZRC-USDT",
    "type": "message",
    "subject": "trade.l3match",
    "data": {
      "makerOrderId": "674449786967d30007ea0d52",
      "price": "0.08333",
      "sequence": "5672963553900545",
      "side": "buy",
      "size": "58.6",
      "symbol": "ZRC-USDT",
      "takerOrderId": "67444aa167cdc9000738c338",
      "time": "1732528801501000000",
      "tradeId": "5672963553900545",
      "type": "match",
      "time_before_que.put": "10:00:01.548",
      "seconds_from_release": 1.548158,
      "time_after_queue.get": "10:00:01.548"
    }
  },
  {
    "topic": "/market/match:ZRC-USDT",
    "type": "message",
    "subject": "trade.l3match",
    "data": {
      "makerOrderId": "674449786967d30007ea0d52",
      "price": "0.08333",
      "sequence": "5672963556259841",
      "side": "buy",
      "size": "10",
      "symbol": "ZRC-USDT",
      "takerOrderId": "67444aa14fe7460007e817f7",
      "time": "1732528801509000000",
      "tradeId": "5672963556259841",
      "type": "match",
      "time_before_que.put": "10:00:01.556",
      "seconds_from_release": 1.556998,
      "time_after_queue.get": "10:00:01.557"
    }
  },
  {
    "topic": "/market/match:ZRC-USDT",
    "type": "message",
    "subject": "trade.l3match",
    "data": {
      "makerOrderId": "674449786967d30007ea0d52",
      "price": "0.08333",
      "sequence": "5672963569629185",
      "side": "buy",
      "size": "10",
      "symbol": "ZRC-USDT",
      "takerOrderId": "67444aa1cf286a00072c168f",
      "time": "1732528801552000000",
      "tradeId": "5672963569629185",
      "type": "match",
      "time_before_que.put": "10:00:01.606",
      "seconds_from_release": 1.606118,
      "time_after_queue.get": "10:00:01.607"
    }
  },
  {
    "topic": "/market/match:ZRC-USDT",
    "type": "message",
    "subject": "trade.l3match",
    "data": {
      "makerOrderId": "674449786967d30007ea0d52",
      "price": "0.08333",
      "sequence": "5672963575265281",
      "side": "buy",
      "size": "10",
      "symbol": "ZRC-USDT",
      "takerOrderId": "67444aa1ae93cc0007b5e2ad",
      "time": "1732528801566000000",
      "tradeId": "5672963575265281",
      "type": "match",
      "time_before_que.put": "10:00:01.615",
      "seconds_from_release": 1.61548,
      "time_after_queue.get": "10:00:01.619"
    }
  },
  {
    "topic": "/market/match:ZRC-USDT",
    "type": "message",
    "subject": "trade.l3match",
    "data": {
      "makerOrderId": "674449786967d30007ea0d52",
      "price": "0.08333",
      "sequence": "5672963575396353",
      "side": "buy",
      "size": "10",
      "symbol": "ZRC-USDT",
      "takerOrderId": "67444aa168486d0007775160",
      "time": "1732528801566000000",
      "tradeId": "5672963575396353",
      "type": "match",
      "time_before_que.put": "10:00:01.619",
      "seconds_from_release": 1.619376,
      "time_after_queue.get": "10:00:01.620"
    }
  },
  {
    "topic": "/market/match:ZRC-USDT",
    "type": "message",
    "subject": "trade.l3match",
    "data": {
      "makerOrderId": "674449786967d30007ea0d52",
      "price": "0.08333",
      "sequence": "5672963578804225",
      "side": "buy",
      "size": "10",
      "symbol": "ZRC-USDT",
      "takerOrderId": "67444aa16967d30007f1245f",
      "time": "1732528801574000000",
      "tradeId": "5672963578804225",
      "type": "match",
      "time_before_que.put": "10:00:01.624",
      "seconds_from_release": 1.624289,
      "time_after_queue.get": "10:00:01.630"
    }
  },
  {
    "topic": "/market/match:ZRC-USDT",
    "type": "message",
    "subject": "trade.l3match",
    "data": {
      "makerOrderId": "674449786967d30007ea0d52",
      "price": "0.08333",
      "sequence": "5672963581949953",
      "side": "buy",
      "size": "10",
      "symbol": "ZRC-USDT",
      "takerOrderId": "67444aa1f4a7c50007879e84",
      "time": "1732528801588000000",
      "tradeId": "5672963581949953",
      "type": "match",
      "time_before_que.put": "10:00:01.637",
      "seconds_from_release": 1.637614,
      "time_after_queue.get": "10:00:01.638"
    }
  },
  {
    "topic": "/market/match:ZRC-USDT",
    "type": "message",
    "subject": "trade.l3match",
    "data": {
      "makerOrderId": "674449786967d30007ea0d52",
      "price": "0.08333",
      "sequence": "5672963583391745",
      "side": "buy",
      "size": "10",
      "symbol": "ZRC-USDT",
      "takerOrderId": "67444aa1cf286a00072c16dd",
      "time": "1732528801591000000",
      "tradeId": "5672963583391745",
      "type": "match",
      "time_before_que.put": "10:00:01.638",
      "seconds_from_release": 1.638018,
      "time_after_queue.get": "10:00:01.638"
    }
  },
  {
    "topic": "/market/match:ZRC-USDT",
    "type": "message",
    "subject": "trade.l3match",
    "data": {
      "makerOrderId": "674449786967d30007ea0d52",
      "price": "0.08333",
      "sequence": "5672963584702465",
      "side": "buy",
      "size": "10",
      "symbol": "ZRC-USDT",
      "takerOrderId": "67444aa1f15b2700078db850",
      "time": "1732528801592000000",
      "tradeId": "5672963584702465",
      "type": "match",
      "time_before_que.put": "10:00:01.638",
      "seconds_from_release": 1.638234,
      "time_after_queue.get": "10:00:01.638"
    }
  },
  {
    "topic": "/market/match:ZRC-USDT",
    "type": "message",
    "subject": "trade.l3match",
    "data": {
      "makerOrderId": "674449786967d30007ea0d52",
      "price": "0.08333",
      "sequence": "5672963589814273",
      "side": "buy",
      "size": "10",
      "symbol": "ZRC-USDT",
      "takerOrderId": "67444aa1088f01000795acb4",
      "time": "1732528801607000000",
      "tradeId": "5672963589814273",
      "type": "match",
      "time_before_que.put": "10:00:01.654",
      "seconds_from_release": 1.654097,
      "time_after_queue.get": "10:00:01.654"
    }
  },
  {
    "topic": "/market/match:ZRC-USDT",
    "type": "message",
    "subject": "trade.l3match",
    "data": {
      "makerOrderId": "674449786967d30007ea0d52",
      "price": "0.08333",
      "sequence": "5672963595319297",
      "side": "buy",
      "size": "10",
      "symbol": "ZRC-USDT",
      "takerOrderId": "67444aa1f15b2700078db88b",
      "time": "1732528801624000000",
      "tradeId": "5672963595319297",
      "type": "match",
      "time_before_que.put": "10:00:01.673",
      "seconds_from_release": 1.673458,
      "time_after_queue.get": "10:00:01.674"
    }
  },
  {
    "topic": "/market/match:ZRC-USDT",
    "type": "message",
    "subject": "trade.l3match",
    "data": {
      "makerOrderId": "674449786967d30007ea0d52",
      "price": "0.08333",
      "sequence": "5672963601348609",
      "side": "buy",
      "size": "10",
      "symbol": "ZRC-USDT",
      "takerOrderId": "67444aa14fe7460007e81919",
      "time": "1732528801640000000",
      "tradeId": "5672963601348609",
      "type": "match",
      "time_before_que.put": "10:00:01.694",
      "seconds_from_release": 1.694851,
      "time_after_queue.get": "10:00:01.702"
    }
  },
  {
    "topic": "/market/match:ZRC-USDT",
    "type": "message",
    "subject": "trade.l3match",
    "data": {
      "makerOrderId": "674449786967d30007ea0d52",
      "price": "0.08333",
      "sequence": "5672963605149697",
      "side": "buy",
      "size": "10",
      "symbol": "ZRC-USDT",
      "takerOrderId": "67444aa1ae93cc0007b5e360",
      "time": "1732528801648000000",
      "tradeId": "5672963605149697",
      "type": "match",
      "time_before_que.put": "10:00:01.699",
      "seconds_from_release": 1.699892,
      "time_after_queue.get": "10:00:01.703"
    }
  },
  {
    "topic": "/market/match:ZRC-USDT",
    "type": "message",
    "subject": "trade.l3match",
    "data": {
      "makerOrderId": "674449786967d30007ea0d52",
      "price": "0.08333",
      "sequence": "5672963607377921",
      "side": "buy",
      "size": "10",
      "symbol": "ZRC-USDT",
      "takerOrderId": "67444aa1df6f6e0007613c17",
      "time": "1732528801657000000",
      "tradeId": "5672963607377921",
      "type": "match",
      "time_before_que.put": "10:00:01.705",
      "seconds_from_release": 1.705748,
      "time_after_queue.get": "10:00:01.709"
    }
  },
  {
    "topic": "/market/match:ZRC-USDT",
    "type": "message",
    "subject": "trade.l3match",
    "data": {
      "makerOrderId": "674449786967d30007ea0d52",
      "price": "0.08333",
      "sequence": "5672963607508993",
      "side": "buy",
      "size": "10",
      "symbol": "ZRC-USDT",
      "takerOrderId": "67444aa14fe7460007e81939",
      "time": "1732528801657000000",
      "tradeId": "5672963607508993",
      "type": "match",
      "time_before_que.put": "10:00:01.706",
      "seconds_from_release": 1.706888,
      "time_after_queue.get": "10:00:01.709"
    }
  },
  {
    "topic": "/market/match:ZRC-USDT",
    "type": "message",
    "subject": "trade.l3match",
    "data": {
      "makerOrderId": "674449786967d30007ea0d52",
      "price": "0.08333",
      "sequence": "5672963611834369",
      "side": "buy",
      "size": "10",
      "symbol": "ZRC-USDT",
      "takerOrderId": "67444aa16967d30007f12527",
      "time": "1732528801671000000",
      "tradeId": "5672963611834369",
      "type": "match",
      "time_before_que.put": "10:00:01.727",
      "seconds_from_release": 1.72738,
      "time_after_queue.get": "10:00:01.728"
    }
  },
  {
    "topic": "/market/match:ZRC-USDT",
    "type": "message",
    "subject": "trade.l3match",
    "data": {
      "makerOrderId": "674449786967d30007ea0d52",
      "price": "0.08333",
      "sequence": "5672963613276161",
      "side": "buy",
      "size": "10",
      "symbol": "ZRC-USDT",
      "takerOrderId": "67444aa1c65bf70007208a59",
      "time": "1732528801676000000",
      "tradeId": "5672963613276161",
      "type": "match",
      "time_before_que.put": "10:00:01.728",
      "seconds_from_release": 1.728999,
      "time_after_queue.get": "10:00:01.729"
    }
  },
  {
    "topic": "/market/match:ZRC-USDT",
    "type": "message",
    "subject": "trade.l3match",
    "data": {
      "makerOrderId": "674449786967d30007ea0d52",
      "price": "0.08333",
      "sequence": "5672963622189057",
      "side": "buy",
      "size": "10",
      "symbol": "ZRC-USDT",
      "takerOrderId": "67444aa137061e000731fc16",
      "time": "1732528801714000000",
      "tradeId": "5672963622189057",
      "type": "match",
      "time_before_que.put": "10:00:01.787",
      "seconds_from_release": 1.787483,
      "time_after_queue.get": "10:00:01.788"
    }
  },
  {
    "topic": "/market/match:ZRC-USDT",
    "type": "message",
    "subject": "trade.l3match",
    "data": {
      "makerOrderId": "67444aa1d52cb80007eb0056",
      "price": "0.08213",
      "sequence": "5672963770955785",
      "side": "sell",
      "size": "10",
      "symbol": "ZRC-USDT",
      "takerOrderId": "67444aa2f1bf40000781de46",
      "time": "1732528802096000000",
      "tradeId": "5672963770955785",
      "type": "match",
      "time_before_que.put": "10:00:02.140",
      "seconds_from_release": 2.140851,
      "time_after_queue.get": "10:00:02.141"
    }
  },
  {
    "topic": "/market/match:ZRC-USDT",
    "type": "message",
    "subject": "trade.l3match",
    "data": {
      "makerOrderId": "67444aa168486d0007775025",
      "price": "0.082",
      "sequence": "5672963770955788",
      "side": "sell",
      "size": "739",
      "symbol": "ZRC-USDT",
      "takerOrderId": "67444aa2f1bf40000781de46",
      "time": "1732528802096000000",
      "tradeId": "5672963770955788",
      "type": "match",
      "time_before_que.put": "10:00:02.141",
      "seconds_from_release": 2.141055,
      "time_after_queue.get": "10:00:02.141"
    }
  },
  {
    "topic": "/market/match:ZRC-USDT",
    "type": "message",
    "subject": "trade.l3match",
    "data": {
      "makerOrderId": "674449786967d30007ea0d52",
      "price": "0.08333",
      "sequence": "5672963774232577",
      "side": "buy",
      "size": "10",
      "symbol": "ZRC-USDT",
      "takerOrderId": "67444aa2f15b2700078dbc80",
      "time": "1732528802104000000",
      "tradeId": "5672963774232577",
      "type": "match",
      "time_before_que.put": "10:00:02.155",
      "seconds_from_release": 2.155259,
      "time_after_queue.get": "10:00:02.159"
    }
  },
  {
    "topic": "/market/match:ZRC-USDT",
    "type": "message",
    "subject": "trade.l3match",
    "data": {
      "makerOrderId": "67444aa168486d0007775025",
      "price": "0.082",
      "sequence": "5672963826006017",
      "side": "sell",
      "size": "55",
      "symbol": "ZRC-USDT",
      "takerOrderId": "67444aa2088f01000795b1ed",
      "time": "1732528802213000000",
      "tradeId": "5672963826006017",
      "type": "match",
      "time_before_que.put": "10:00:02.264",
      "seconds_from_release": 2.26408,
      "time_after_queue.get": "10:00:02.264"
    }
  },
  {
    "topic": "/market/match:ZRC-USDT",
    "type": "message",
    "subject": "trade.l3match",
    "data": {
      "makerOrderId": "67444aa168486d0007775025",
      "price": "0.082",
      "sequence": "5672963829151747",
      "side": "sell",
      "size": "55",
      "symbol": "ZRC-USDT",
      "takerOrderId": "67444aa2f1bf40000781dfe7",
      "time": "1732528802218000000",
      "tradeId": "5672963829151747",
      "type": "match",
      "time_before_que.put": "10:00:02.274",
      "seconds_from_release": 2.274791,
      "time_after_queue.get": "10:00:02.276"
    }
  },
  {
    "topic": "/market/match:ZRC-USDT",
    "type": "message",
    "subject": "trade.l3match",
    "data": {
      "makerOrderId": "674449786967d30007ea0d52",
      "price": "0.08333",
      "sequence": "5672963949475861",
      "side": "buy",
      "size": "1180.5",
      "symbol": "ZRC-USDT",
      "takerOrderId": "67444aa2b7e21a000751285f",
      "time": "1732528802541000000",
      "tradeId": "5672963949475861",
      "type": "match",
      "time_before_que.put": "10:00:02.587",
      "seconds_from_release": 2.587516,
      "time_after_queue.get": "10:00:02.588"
    }
  },
  {
    "topic": "/market/match:ZRC-USDT",
    "type": "message",
    "subject": "trade.l3match",
    "data": {
      "makerOrderId": "6744428967cdc900070204d8",
      "price": "0.08431",
      "sequence": "5672963949475864",
      "side": "buy",
      "size": "970",
      "symbol": "ZRC-USDT",
      "takerOrderId": "67444aa2b7e21a000751285f",
      "time": "1732528802541000000",
      "tradeId": "5672963949475864",
      "type": "match",
      "time_before_que.put": "10:00:02.588",
      "seconds_from_release": 2.588516,
      "time_after_queue.get": "10:00:02.588"
    }
  },
  {
    "topic": "/market/match:ZRC-USDT",
    "type": "message",
    "subject": "trade.l3match",
    "data": {
      "makerOrderId": "6744428967cdc900070204d8",
      "price": "0.08431",
      "sequence": "5672964099815427",
      "side": "buy",
      "size": "262.1",
      "symbol": "ZRC-USDT",
      "takerOrderId": "67444aa2c5ba74000775dfef",
      "time": "1732528802914000000",
      "tradeId": "5672964099815427",
      "type": "match",
      "time_before_que.put": "10:00:02.965",
      "seconds_from_release": 2.965518,
      "time_after_queue.get": "10:00:02.965"
    }
  },
  {
    "topic": "/market/match:ZRC-USDT",
    "type": "message",
    "subject": "trade.l3match",
    "data": {
      "makerOrderId": "6744428967cdc900070204d8",
      "price": "0.08431",
      "sequence": "5672964120000513",
      "side": "buy",
      "size": "284",
      "symbol": "ZRC-USDT",
      "takerOrderId": "67444aa2d52cb80007eb0c8e",
      "time": "1732528802985000000",
      "tradeId": "5672964120000513",
      "type": "match",
      "time_before_que.put": "10:00:03.034",
      "seconds_from_release": 3.034884,
      "time_after_queue.get": "10:00:03.035"
    }
  },
  {
    "topic": "/market/match:ZRC-USDT",
    "type": "message",
    "subject": "trade.l3match",
    "data": {
      "makerOrderId": "6744428967cdc900070204d8",
      "price": "0.08431",
      "sequence": "5672964408358921",
      "side": "buy",
      "size": "1164.8",
      "symbol": "ZRC-USDT",
      "takerOrderId": "67444aa36967d30007f13708",
      "time": "1732528803673000000",
      "tradeId": "5672964408358921",
      "type": "match",
      "time_before_que.put": "10:00:03.727",
      "seconds_from_release": 3.72704,
      "time_after_queue.get": "10:00:03.727"
    }
  },
  {
    "topic": "/market/match:ZRC-USDT",
    "type": "message",
    "subject": "trade.l3match",
    "data": {
      "makerOrderId": "6744428967cdc900070204d8",
      "price": "0.08431",
      "sequence": "5672964518459393",
      "side": "buy",
      "size": "1719.1",
      "symbol": "ZRC-USDT",
      "takerOrderId": "67444aa34fe7460007e82cf0",
      "time": "1732528803950000000",
      "tradeId": "5672964518459393",
      "type": "match",
      "time_before_que.put": "10:00:04.003",
      "seconds_from_release": 4.003169,
      "time_after_queue.get": "10:00:04.003"
    }
  },
  {
    "topic": "/market/match:ZRC-USDT",
    "type": "message",
    "subject": "trade.l3match",
    "data": {
      "makerOrderId": "67444aa34fe7460007e82cf0",
      "price": "0.0845",
      "sequence": "5672964522653697",
      "side": "sell",
      "size": "749",
      "symbol": "ZRC-USDT",
      "takerOrderId": "67444aa331d095000718a00a",
      "time": "1732528803963000000",
      "tradeId": "5672964522653697",
      "type": "match",
      "time_before_que.put": "10:00:04.015",
      "seconds_from_release": 4.015743,
      "time_after_queue.get": "10:00:04.016"
    }
  },
  {
    "topic": "/market/match:ZRC-USDT",
    "type": "message",
    "subject": "trade.l3match",
    "data": {
      "makerOrderId": "67444aa5c65bf7000720aa52",
      "price": "0.08306",
      "sequence": "5672965409486849",
      "side": "sell",
      "size": "585.8",
      "symbol": "ZRC-USDT",
      "takerOrderId": "67444aa56967d30007f14991",
      "time": "1732528806018000000",
      "tradeId": "5672965409486849",
      "type": "match",
      "time_before_que.put": "10:00:06.066",
      "seconds_from_release": 6.066679,
      "time_after_queue.get": "10:00:06.066"
    }
  },
  {
    "topic": "/market/match:ZRC-USDT",
    "type": "message",
    "subject": "trade.l3match",
    "data": {
      "makerOrderId": "67444aa568486d00077771e4",
      "price": "0.08306",
      "sequence": "5672965409486852",
      "side": "sell",
      "size": "163.2",
      "symbol": "ZRC-USDT",
      "takerOrderId": "67444aa56967d30007f14991",
      "time": "1732528806018000000",
      "tradeId": "5672965409486852",
      "type": "match",
      "time_before_que.put": "10:00:06.067",
      "seconds_from_release": 6.067052,
      "time_after_queue.get": "10:00:06.069"
    }
  },
  {
    "topic": "/market/match:ZRC-USDT",
    "type": "message",
    "subject": "trade.l3match",
    "data": {
      "makerOrderId": "67444aa6b7e21a00075149e2",
      "price": "0.0861",
      "sequence": "5672965777537025",
      "side": "buy",
      "size": "585.8",
      "symbol": "ZRC-USDT",
      "takerOrderId": "67444aa60d855300070c92eb",
      "time": "1732528806885000000",
      "tradeId": "5672965777537025",
      "type": "match",
      "time_before_que.put": "10:00:06.936",
      "seconds_from_release": 6.936096,
      "time_after_queue.get": "10:00:06.937"
    }
  },
  {
    "topic": "/market/match:ZRC-USDT",
    "type": "message",
    "subject": "trade.l3match",
    "data": {
      "makerOrderId": "67444aa637061e00073224b9",
      "price": "0.0861",
      "sequence": "5672965777537028",
      "side": "buy",
      "size": "163.2",
      "symbol": "ZRC-USDT",
      "takerOrderId": "67444aa60d855300070c92eb",
      "time": "1732528806885000000",
      "tradeId": "5672965777537028",
      "type": "match",
      "time_before_que.put": "10:00:06.937",
      "seconds_from_release": 6.937398,
      "time_after_queue.get": "10:00:06.937"
    }
  },
  {
    "topic": "/market/match:ZRC-USDT",
    "type": "message",
    "subject": "trade.l3match",
    "data": {
      "makerOrderId": "6744497ac65bf700071980d4",
      "price": "0.08611",
      "sequence": "5672965777537031",
      "side": "buy",
      "size": "1760",
      "symbol": "ZRC-USDT",
      "takerOrderId": "67444aa60d855300070c92eb",
      "time": "1732528806885000000",
      "tradeId": "5672965777537031",
      "type": "match",
      "time_before_que.put": "10:00:06.937",
      "seconds_from_release": 6.937552,
      "time_after_queue.get": "10:00:06.937"
    }
  },
  {
    "topic": "/market/match:ZRC-USDT",
    "type": "message",
    "subject": "trade.l3match",
    "data": {
      "makerOrderId": "6744497ac65bf700071980c5",
      "price": "0.08889",
      "sequence": "5672965777537034",
      "side": "buy",
      "size": "291",
      "symbol": "ZRC-USDT",
      "takerOrderId": "67444aa60d855300070c92eb",
      "time": "1732528806885000000",
      "tradeId": "5672965777537034",
      "type": "match",
      "time_before_que.put": "10:00:06.937",
      "seconds_from_release": 6.937654,
      "time_after_queue.get": "10:00:06.937"
    }
  },
  {
    "topic": "/market/match:ZRC-USDT",
    "type": "message",
    "subject": "trade.l3match",
    "data": {
      "makerOrderId": "67444aa7d52cb80007eb2f23",
      "price": "0.08309",
      "sequence": "5672965862602753",
      "side": "sell",
      "size": "375",
      "symbol": "ZRC-USDT",
      "takerOrderId": "67444aa76967d30007f15288",
      "time": "1732528807109000000",
      "tradeId": "5672965862602753",
      "type": "match",
      "time_before_que.put": "10:00:07.168",
      "seconds_from_release": 7.168285,
      "time_after_queue.get": "10:00:07.168"
    }
  },
  {
    "topic": "/market/match:ZRC-USDT",
    "type": "message",
    "subject": "trade.l3match",
    "data": {
      "makerOrderId": "67444aa768486d00077781fb",
      "price": "0.0845",
      "sequence": "5672966015170561",
      "side": "sell",
      "size": "895.2",
      "symbol": "ZRC-USDT",
      "takerOrderId": "67444aa767cdc9000738f579",
      "time": "1732528807530000000",
      "tradeId": "5672966015170561",
      "type": "match",
      "time_before_que.put": "10:00:07.584",
      "seconds_from_release": 7.584489,
      "time_after_queue.get": "10:00:07.585"
    }
  },
  {
    "topic": "/market/match:ZRC-USDT",
    "type": "message",
    "subject": "trade.l3match",
    "data": {
      "makerOrderId": "67444aa70d855300070c969a",
      "price": "0.08333",
      "sequence": "5672966015170564",
      "side": "sell",
      "size": "22.9",
      "symbol": "ZRC-USDT",
      "takerOrderId": "67444aa767cdc9000738f579",
      "time": "1732528807530000000",
      "tradeId": "5672966015170564",
      "type": "match",
      "time_before_que.put": "10:00:07.585",
      "seconds_from_release": 7.58536,
      "time_after_queue.get": "10:00:07.585"
    }
  },
  {
    "topic": "/market/match:ZRC-USDT",
    "type": "message",
    "subject": "trade.l3match",
    "data": {
      "makerOrderId": "67444aa7d52cb80007eb2f23",
      "price": "0.08309",
      "sequence": "5672966015170567",
      "side": "sell",
      "size": "206.5",
      "symbol": "ZRC-USDT",
      "takerOrderId": "67444aa767cdc9000738f579",
      "time": "1732528807530000000",
      "tradeId": "5672966015170567",
      "type": "match",
      "time_before_que.put": "10:00:07.585",
      "seconds_from_release": 7.585588,
      "time_after_queue.get": "10:00:07.585"
    }
  },
  {
    "topic": "/market/match:ZRC-USDT",
    "type": "message",
    "subject": "trade.l3match",
    "data": {
      "makerOrderId": "67444aa7b7e21a0007514dd1",
      "price": "0.08309",
      "sequence": "5672966015170570",
      "side": "sell",
      "size": "581.5",
      "symbol": "ZRC-USDT",
      "takerOrderId": "67444aa767cdc9000738f579",
      "time": "1732528807530000000",
      "tradeId": "5672966015170570",
      "type": "match",
      "time_before_que.put": "10:00:07.585",
      "seconds_from_release": 7.585732,
      "time_after_queue.get": "10:00:07.586"
    }
  },
  {
    "topic": "/market/match:ZRC-USDT",
    "type": "message",
    "subject": "trade.l3match",
    "data": {
      "makerOrderId": "67444aa7f4a7c5000787ccd5",
      "price": "0.08309",
      "sequence": "5672966015170573",
      "side": "sell",
      "size": "581.5",
      "symbol": "ZRC-USDT",
      "takerOrderId": "67444aa767cdc9000738f579",
      "time": "1732528807530000000",
      "tradeId": "5672966015170573",
      "type": "match",
      "time_before_que.put": "10:00:07.585",
      "seconds_from_release": 7.585935,
      "time_after_queue.get": "10:00:07.586"
    }
  },
  {
    "topic": "/market/match:ZRC-USDT",
    "type": "message",
    "subject": "trade.l3match",
    "data": {
      "makerOrderId": "67444aa767cdc9000738f579",
      "price": "0.083",
      "sequence": "5672966060783617",
      "side": "buy",
      "size": "671.4",
      "symbol": "ZRC-USDT",
      "takerOrderId": "67444aa7d52cb80007eb334f",
      "time": "1732528807638000000",
      "tradeId": "5672966060783617",
      "type": "match",
      "time_before_que.put": "10:00:07.682",
      "seconds_from_release": 7.682949,
      "time_after_queue.get": "10:00:07.683"
    }
  },
  {
    "topic": "/market/match:ZRC-USDT",
    "type": "message",
    "subject": "trade.l3match",
    "data": {
      "makerOrderId": "67444aa767cdc9000738f579",
      "price": "0.083",
      "sequence": "5672966081361921",
      "side": "buy",
      "size": "1574.8",
      "symbol": "ZRC-USDT",
      "takerOrderId": "67444aa7f4f1200007a63c9b",
