{
  "metadata": {
    "symbol": "DOGEGOV",
    "channel": "match",
    "start_time": "10:59:30.0000",
    "release_time": "11:00:00.0000",
    "end_time": "11:20:00.0000",
    "total_messages": 1218,
    "final_snapshot": {
      "time": "11:20:00.2910",
      "symbol": "DOGEGOV-USDT",
      "price_high": "0.4",
      "price_last": "0.2695",
      "price_low": "0.2",
      "price_avg": null,
      "volValue_USDT": "159678.128532"
    }
  },
  "data": [
    {
      "price": "0.2",
      "sequence": "6051233906833409",
      "side": "sell",
      "size": "1",
      "symbol": "DOGEGOV-USDT",
      "time": "1733482800000000000",
      "tradeId": "6051233906833409",
      "type": "match",
      "time_received": "11:00:00.1386"
    },
    {
      "makerOrderId": "6752d930ecb8b2000773803f",
      "price": "0.4",
      "sequence": "6051233994651649",
      "side": "sell",
      "size": "200",
      "symbol": "DOGEGOV-USDT",
      "takerOrderId": "6752d930b1d2ab0007504b9e",
      "time": "1733482800299000000",
      "tradeId": "6051233994651649",
      "type": "match",
      "time_received": "11:00:00.3391"
    },
    {
      "makerOrderId": "6752d930b1d2ab0007504b9e",
      "price": "0.33",
      "sequence": "6051234013394945",
      "side": "buy",
      "size": "10",
      "symbol": "DOGEGOV-USDT",
      "takerOrderId": "6752d930fd80ce000746e833",
      "time": "1733482800335000000",
      "tradeId": "6051234013394945",
      "type": "match",
      "time_received": "11:00:00.3716"
    },
    {
      "makerOrderId": "6752d930b1d2ab0007504b9e",
      "price": "0.33",
      "sequence": "6051234139092993",
      "side": "buy",
      "size": "519.82",
      "symbol": "DOGEGOV-USDT",
      "takerOrderId": "6752d930ecb8b20007738493",
      "time": "1733482800592000000",
      "tradeId": "6051234139092993",
      "type": "match",
      "time_received": "11:00:00.6289"
    },
    {
      "makerOrderId": "6752d930b1d2ab0007504b9e",
      "price": "0.33",
      "sequence": "6051234188507137",
      "side": "buy",
      "size": "50.58",
      "symbol": "DOGEGOV-USDT",
      "takerOrderId": "6752d93041bdfd0007647987",
      "time": "1733482800721000000",
      "tradeId": "6051234188507137",
      "type": "match",
      "time_received": "11:00:00.7633"
    },
    {
      "makerOrderId": "6752d930b1d2ab0007504b9e",
      "price": "0.33",
      "sequence": "6051234505570305",
      "side": "buy",
      "size": "27.27",
      "symbol": "DOGEGOV-USDT",
      "takerOrderId": "6752d93141bdfd0007647e9b",
      "time": "1733482801495000000",
      "tradeId": "6051234505570305",
      "type": "match",
      "time_received": "11:00:01.6613"
    },
    {
      "makerOrderId": "6752d930b1d2ab0007504b9e",
      "price": "0.33",
      "sequence": "6051234784098305",
      "side": "buy",
      "size": "4.82",
      "symbol": "DOGEGOV-USDT",
      "takerOrderId": "6752d932b1d2ab00075058d4",
      "time": "1733482802224000000",
      "tradeId": "6051234784098305",
      "type": "match",
      "time_received": "11:00:02.2701"
    },
    {
      "makerOrderId": "6752d930b1d2ab0007504b9e",
      "price": "0.33",
      "sequence": "6051235001153643",
      "side": "buy",
      "size": "1.65",
      "symbol": "DOGEGOV-USDT",
      "takerOrderId": "6752d932aef36e00076e9438",
      "time": "1733482802826000000",
      "tradeId": "6051235001153643",
      "type": "match",
      "time_received": "11:00:02.8710"
    },
    {
      "makerOrderId": "6752d930b1d2ab0007504b9e",
      "price": "0.33",
      "sequence": "6051235243636793",
      "side": "buy",
      "size": "35.29",
      "symbol": "DOGEGOV-USDT",
      "takerOrderId": "6752d933ecb8b20007739748",
      "time": "1733482803377000000",
      "tradeId": "6051235243636793",
      "type": "match",
      "time_received": "11:00:03.4384"
    },
    {
      "makerOrderId": "6752d932fd061e0007653799",
      "price": "0.3202",
      "sequence": "6051235354654777",
      "side": "sell",
      "size": "381.57",
      "symbol": "DOGEGOV-USDT",
      "takerOrderId": "6752d933ecb8b20007739917",
      "time": "1733482803701000000",
      "tradeId": "6051235354654777",
      "type": "match",
      "time_received": "11:00:03.8000"
    },
    {
      "makerOrderId": "6752d932b1d2ab0007505e7f",
      "price": "0.3202",
      "sequence": "6051235354654780",
      "side": "sell",
      "size": "37.13",
      "symbol": "DOGEGOV-USDT",
      "takerOrderId": "6752d933ecb8b20007739917",
      "time": "1733482803701000000",
      "tradeId": "6051235354654780",
      "type": "match",
      "time_received": "11:00:03.8001"
    },
    {
      "makerOrderId": "6752d9332e6b3a0007054025",
      "price": "0.3202",
      "sequence": "6051235354654783",
      "side": "sell",
      "size": "3.61",
      "symbol": "DOGEGOV-USDT",
      "takerOrderId": "6752d933ecb8b20007739917",
      "time": "1733482803701000000",
      "tradeId": "6051235354654783",
      "type": "match",
      "time_received": "11:00:03.8002"
    },
    {
      "makerOrderId": "6752d930e775000007ddf884",
      "price": "0.32",
      "sequence": "6051235354654786",
      "side": "sell",
      "size": "10",
      "symbol": "DOGEGOV-USDT",
      "takerOrderId": "6752d933ecb8b20007739917",
      "time": "1733482803701000000",
      "tradeId": "6051235354654786",
      "type": "match",
      "time_received": "11:00:03.8002"
    },
    {
      "makerOrderId": "6752d930e775000007ddf774",
      "price": "0.31",
      "sequence": "6051235354654789",
      "side": "sell",
      "size": "30",
      "symbol": "DOGEGOV-USDT",
      "takerOrderId": "6752d933ecb8b20007739917",
      "time": "1733482803701000000",
      "tradeId": "6051235354654789",
      "type": "match",
      "time_received": "11:00:03.8005"
    },
    {
      "makerOrderId": "6752d930ecb8b2000773803b",
      "price": "0.3",
      "sequence": "6051235354654792",
      "side": "sell",
      "size": "200",
      "symbol": "DOGEGOV-USDT",
      "takerOrderId": "6752d933ecb8b20007739917",
      "time": "1733482803701000000",
      "tradeId": "6051235354654792",
      "type": "match",
      "time_received": "11:00:03.8005"
    },
    {
      "makerOrderId": "6752d930ecb8b20007738139",
      "price": "0.3",
      "sequence": "6051235354654795",
      "side": "sell",
      "size": "100",
      "symbol": "DOGEGOV-USDT",
      "takerOrderId": "6752d933ecb8b20007739917",
      "time": "1733482803701000000",
      "tradeId": "6051235354654795",
      "type": "match",
      "time_received": "11:00:03.8006"
    },
    {
      "makerOrderId": "6752d930b1d2ab0007504bb2",
      "price": "0.3",
      "sequence": "6051235354654798",
      "side": "sell",
      "size": "125",
      "symbol": "DOGEGOV-USDT",
      "takerOrderId": "6752d933ecb8b20007739917",
      "time": "1733482803701000000",
      "tradeId": "6051235354654798",
      "type": "match",
      "time_received": "11:00:03.8006"
    },
    {
      "makerOrderId": "6752d930fd80ce000746e829",
      "price": "0.3",
      "sequence": "6051235354654801",
      "side": "sell",
      "size": "10",
      "symbol": "DOGEGOV-USDT",
      "takerOrderId": "6752d933ecb8b20007739917",
      "time": "1733482803701000000",
      "tradeId": "6051235354654801",
      "type": "match",
      "time_received": "11:00:03.8006"
    },
    {
      "makerOrderId": "6752d9302e6b3a0007052d62",
      "price": "0.3",
      "sequence": "6051235354654804",
      "side": "sell",
      "size": "900",
      "symbol": "DOGEGOV-USDT",
      "takerOrderId": "6752d933ecb8b20007739917",
      "time": "1733482803701000000",
      "tradeId": "6051235354654804",
      "type": "match",
      "time_received": "11:00:03.8007"
    },
    {
      "makerOrderId": "6752d9302e6b3a0007052e26",
      "price": "0.3",
      "sequence": "6051235354654807",
      "side": "sell",
      "size": "80",
      "symbol": "DOGEGOV-USDT",
      "takerOrderId": "6752d933ecb8b20007739917",
      "time": "1733482803701000000",
      "tradeId": "6051235354654807",
      "type": "match",
      "time_received": "11:00:03.8506"
    },
    {
      "makerOrderId": "6752d930aef36e00076e83ff",
      "price": "0.2999",
      "sequence": "6051235354654810",
      "side": "sell",
      "size": "50",
      "symbol": "DOGEGOV-USDT",
      "takerOrderId": "6752d933ecb8b20007739917",
      "time": "1733482803701000000",
      "tradeId": "6051235354654810",
      "type": "match",
      "time_received": "11:00:03.8507"
    },
    {
      "makerOrderId": "6752d930a398ab00075c8873",
      "price": "0.29",
      "sequence": "6051235354654813",
      "side": "sell",
      "size": "10",
      "symbol": "DOGEGOV-USDT",
      "takerOrderId": "6752d933ecb8b20007739917",
      "time": "1733482803701000000",
      "tradeId": "6051235354654813",
      "type": "match",
      "time_received": "11:00:03.8507"
    },
    {
      "makerOrderId": "6752d933ecb8b20007739917",
      "price": "0.2888",
      "sequence": "6051235547854899",
      "side": "buy",
      "size": "29",
      "symbol": "DOGEGOV-USDT",
      "takerOrderId": "6752d9348338b9000709a8d0",
      "time": "1733482804217000000",
      "tradeId": "6051235547854899",
      "type": "match",
      "time_received": "11:00:04.2852"
    },
    {
      "makerOrderId": "6752d933ecb8b20007739917",
      "price": "0.2888",
      "sequence": "6051235748657195",
      "side": "buy",
      "size": "37.42",
      "symbol": "DOGEGOV-USDT",
      "takerOrderId": "6752d9343bb37e00073bb6b8",
      "time": "1733482804836000000",
      "tradeId": "6051235748657195",
      "type": "match",
      "time_received": "11:00:04.8759"
    },
    {
      "makerOrderId": "6752d933ecb8b20007739917",
      "price": "0.2888",
      "sequence": "6051236049991681",
      "side": "buy",
      "size": "1189.53",
      "symbol": "DOGEGOV-USDT",
      "takerOrderId": "6752d935fd061e0007654810",
      "time": "1733482805504000000",
      "tradeId": "6051236049991681",
      "type": "match",
      "time_received": "11:00:05.5470"
    },
    {
      "makerOrderId": "6752d933ecb8b20007739917",
      "price": "0.2888",
      "sequence": "6051236138596353",
      "side": "buy",
      "size": "435.1",
      "symbol": "DOGEGOV-USDT",
      "takerOrderId": "6752d935a398ab00075ca8d2",
      "time": "1733482805761000000",
      "tradeId": "6051236138596353",
      "type": "match",
      "time_received": "11:00:05.7999"
    },
    {
      "makerOrderId": "6752d930b1d2ab0007504b9e",
      "price": "0.33",
      "sequence": "6051236211865601",
      "side": "buy",
      "size": "1072.82",
      "symbol": "DOGEGOV-USDT",
      "takerOrderId": "6752d9359574f30007d42375",
      "time": "1733482805905000000",
      "tradeId": "6051236211865601",
      "type": "match",
      "time_received": "11:00:05.9445"
    },
    {
      "makerOrderId": "6752d930b1d2ab0007504b9e",
      "price": "0.33",
      "sequence": "6051236335859713",
      "side": "buy",
      "size": "600.06",
      "symbol": "DOGEGOV-USDT",
      "takerOrderId": "6752d93641bdfd0007649c1e",
      "time": "1733482806224000000",
      "tradeId": "6051236335859713",
      "type": "match",
      "time_received": "11:00:06.2674"
    },
    {
      "makerOrderId": "6752d930b1d2ab0007504b9e",
      "price": "0.33",
      "sequence": "6051236399429633",
      "side": "buy",
      "size": "582.41",
      "symbol": "DOGEGOV-USDT",
      "takerOrderId": "6752d9368338b9000709b652",
      "time": "1733482806423000000",
      "tradeId": "6051236399429633",
      "type": "match",
      "time_received": "11:00:06.4634"
    },
    {
      "makerOrderId": "6752d930b1d2ab0007504b9e",
      "price": "0.33",
      "sequence": "6051236859099137",
      "side": "buy",
      "size": "33.77",
      "symbol": "DOGEGOV-USDT",
      "takerOrderId": "6752d937f517900007a13078",
      "time": "1733482807839000000",
      "tradeId": "6051236859099137",
      "type": "match",
      "time_received": "11:00:07.8801"
    },
    {
      "makerOrderId": "6752d930b1d2ab0007504b9e",
      "price": "0.33",
      "sequence": "6051236860934145",
      "side": "buy",
      "size": "6.59",
      "symbol": "DOGEGOV-USDT",
      "takerOrderId": "6752d937b1d2ab0007507adc",
      "time": "1733482807843000000",
      "tradeId": "6051236860934145",
      "type": "match",
      "time_received": "11:00:07.8855"
    },
    {
      "makerOrderId": "6752d930b1d2ab0007504b9e",
      "price": "0.33",
      "sequence": "6051236915853313",
      "side": "buy",
      "size": "22.4",
      "symbol": "DOGEGOV-USDT",
      "takerOrderId": "6752d937aef36e00076eb2e6",
      "time": "1733482807928000000",
      "tradeId": "6051236915853313",
      "type": "match",
      "time_received": "11:00:07.9652"
    },
    {
      "makerOrderId": "6752d930b1d2ab0007504b9e",
      "price": "0.33",
      "sequence": "6051236982306817",
      "side": "buy",
      "size": "305.04",
      "symbol": "DOGEGOV-USDT",
      "takerOrderId": "6752d9383bb37e00073bca01",
      "time": "1733482808113000000",
      "tradeId": "6051236982306817",
      "type": "match",
      "time_received": "11:00:08.1546"
    },
    {
      "makerOrderId": "6752d936ff2a9e0007d819d9",
      "price": "0.2888",
      "sequence": "6051237150734337",
      "side": "sell",
      "size": "577.79",
      "symbol": "DOGEGOV-USDT",
      "takerOrderId": "6752d9381ed0d80007bb7805",
      "time": "1733482808538000000",
      "tradeId": "6051237150734337",
      "type": "match",
      "time_received": "11:00:08.5792"
    },
    {
      "makerOrderId": "6752d937e775000007de2531",
      "price": "0.2888",
      "sequence": "6051237150734340",
      "side": "sell",
      "size": "29.86",
      "symbol": "DOGEGOV-USDT",
      "takerOrderId": "6752d9381ed0d80007bb7805",
      "time": "1733482808538000000",
      "tradeId": "6051237150734340",
      "type": "match",
      "time_received": "11:00:08.5792"
    },
    {
      "makerOrderId": "6752d935a398ab00075ca95c",
      "price": "0.2832",
      "sequence": "6051237150734343",
      "side": "sell",
      "size": "72.74",
      "symbol": "DOGEGOV-USDT",
      "takerOrderId": "6752d9381ed0d80007bb7805",
      "time": "1733482808538000000",
      "tradeId": "6051237150734343",
      "type": "match",
      "time_received": "11:00:08.5793"
    },
    {
      "makerOrderId": "6752d935fe36bf0007ea368c",
      "price": "0.2817",
      "sequence": "6051237150734346",
      "side": "sell",
      "size": "8.24",
      "symbol": "DOGEGOV-USDT",
      "takerOrderId": "6752d9381ed0d80007bb7805",
      "time": "1733482808538000000",
      "tradeId": "6051237150734346",
      "type": "match",
      "time_received": "11:00:08.5794"
    },
    {
      "makerOrderId": "6752d935f517900007a12459",
      "price": "0.2817",
      "sequence": "6051237150734349",
      "side": "sell",
      "size": "4.59",
      "symbol": "DOGEGOV-USDT",
      "takerOrderId": "6752d9381ed0d80007bb7805",
      "time": "1733482808538000000",
      "tradeId": "6051237150734349",
      "type": "match",
      "time_received": "11:00:08.5794"
    },
    {
      "makerOrderId": "6752d9301ed0d80007bb44d4",
      "price": "0.2815",
      "sequence": "6051237150734352",
      "side": "sell",
      "size": "10",
      "symbol": "DOGEGOV-USDT",
      "takerOrderId": "6752d9381ed0d80007bb7805",
      "time": "1733482808538000000",
      "tradeId": "6051237150734352",
      "type": "match",
      "time_received": "11:00:08.5796"
    },
    {
      "makerOrderId": "6752d9381ed0d80007bb7805",
      "price": "0.2815",
      "sequence": "6051237158991873",
      "side": "buy",
      "size": "20.21",
      "symbol": "DOGEGOV-USDT",
      "takerOrderId": "6752d938ecb8b2000773b53e",
      "time": "1733482808557000000",
      "tradeId": "6051237158991873",
      "type": "match",
      "time_received": "11:00:08.5959"
    },
    {
      "makerOrderId": "6752d9381ed0d80007bb7805",
      "price": "0.2815",
      "sequence": "6051237196478465",
      "side": "buy",
      "size": "87.78",
      "symbol": "DOGEGOV-USDT",
      "takerOrderId": "6752d938b1d2ab0007507fea",
      "time": "1733482808685000000",
      "tradeId": "6051237196478465",
      "type": "match",
      "time_received": "11:00:08.7267"
    },
    {
      "makerOrderId": "6752d9381ed0d80007bb7805",
      "price": "0.2815",
      "sequence": "6051237217318913",
      "side": "buy",
      "size": "2786.97",
      "symbol": "DOGEGOV-USDT",
      "takerOrderId": "6752d9388338b9000709c39c",
      "time": "1733482808750000000",
      "tradeId": "6051237217318913",
      "type": "match",
      "time_received": "11:00:08.7948"
    },
    {
      "makerOrderId": "6752d9388338b9000709c2b1",
      "price": "0.3069",
      "sequence": "6051237217318916",
      "side": "buy",
      "size": "36.37",
      "symbol": "DOGEGOV-USDT",
      "takerOrderId": "6752d9388338b9000709c39c",
      "time": "1733482808750000000",
      "tradeId": "6051237217318916",
      "type": "match",
      "time_received": "11:00:08.7949"
    },
    {
      "makerOrderId": "6752d9389574f30007d43343",
      "price": "0.3069",
      "sequence": "6051237217318919",
      "side": "buy",
      "size": "36.37",
      "symbol": "DOGEGOV-USDT",
      "takerOrderId": "6752d9388338b9000709c39c",
      "time": "1733482808750000000",
      "tradeId": "6051237217318919",
      "type": "match",
      "time_received": "11:00:08.7950"
    },
    {
      "makerOrderId": "6752d930b1d2ab0007504b9e",
      "price": "0.33",
      "sequence": "6051237234882561",
      "side": "buy",
      "size": "565.77",
      "symbol": "DOGEGOV-USDT",
      "takerOrderId": "6752d938f517900007a1365d",
      "time": "1733482808812000000",
      "tradeId": "6051237234882561",
      "type": "match",
      "time_received": "11:00:08.8521"
    },
    {
      "makerOrderId": "6752d930b1d2ab0007504b9e",
      "price": "0.33",
      "sequence": "6051237309855745",
      "side": "buy",
      "size": "682.22",
      "symbol": "DOGEGOV-USDT",
      "takerOrderId": "6752d9388338b9000709c4ee",
      "time": "1733482808968000000",
      "tradeId": "6051237309855745",
      "type": "match",
      "time_received": "11:00:09.0089"
    },
    {
      "makerOrderId": "6752d930b1d2ab0007504b9e",
      "price": "0.33",
      "sequence": "6051237336201217",
      "side": "buy",
      "size": "434.64",
      "symbol": "DOGEGOV-USDT",
      "takerOrderId": "6752d939ecb8b2000773b7f2",
      "time": "1733482809053000000",
      "tradeId": "6051237336201217",
      "type": "match",
      "time_received": "11:00:09.0981"
    },
    {
      "makerOrderId": "6752d930b1d2ab0007504b9e",
      "price": "0.33",
      "sequence": "6051237530843137",
      "side": "buy",
      "size": "33.33",
      "symbol": "DOGEGOV-USDT",
      "takerOrderId": "6752d9398338b9000709c8e3",
      "time": "1733482809688000000",
      "tradeId": "6051237530843137",
      "type": "match",
      "time_received": "11:00:09.7300"
    },
    {
      "makerOrderId": "6752d930b1d2ab0007504b9e",
      "price": "0.33",
      "sequence": "6051237672663041",
      "side": "buy",
      "size": "197.75",
      "symbol": "DOGEGOV-USDT",
      "takerOrderId": "6752d93ab1d2ab00075087d2",
      "time": "1733482810055000000",
      "tradeId": "6051237672663041",
      "type": "match",
      "time_received": "11:00:10.0967"
    },
    {
      "makerOrderId": "6752d9363bb37e00073bc0d6",
      "price": "0.33",
      "sequence": "6051237672663044",
      "side": "buy",
      "size": "703.48",
      "symbol": "DOGEGOV-USDT",
      "takerOrderId": "6752d93ab1d2ab00075087d2",
      "time": "1733482810055000000",
      "tradeId": "6051237672663044",
      "type": "match",
      "time_received": "11:00:10.0968"
    },
    {
      "makerOrderId": "6752d93a1e1c9e000717cfbb",
      "price": "0.3184",
      "sequence": "6051237731645441",
      "side": "buy",
      "size": "87.78",
      "symbol": "DOGEGOV-USDT",
      "takerOrderId": "6752d93afd80ce0007472540",
      "time": "1733482810235000000",
      "tradeId": "6051237731645441",
      "type": "match",
      "time_received": "11:00:10.2747"
    },
    {
      "makerOrderId": "6752d9363bb37e00073bc0d6",
      "price": "0.33",
      "sequence": "6051237731645444",
      "side": "buy",
      "size": "1450.88",
      "symbol": "DOGEGOV-USDT",
      "takerOrderId": "6752d93afd80ce0007472540",
      "time": "1733482810235000000",
      "tradeId": "6051237731645444",
      "type": "match",
      "time_received": "11:00:10.2748"
    },
    {
      "makerOrderId": "6752d93cff2a9e0007d83a34",
      "price": "0.4",
      "sequence": "6051239512258561",
      "side": "buy",
      "size": "36.78",
      "symbol": "DOGEGOV-USDT",
      "takerOrderId": "6752d93f41bdfd000764d267",
      "time": "1733482815113000000",
      "tradeId": "6051239512258561",
      "type": "match",
      "time_received": "11:00:15.1520"
    },
    {
      "makerOrderId": "6752d93da398ab00075cd9ca",
      "price": "0.3838",
      "sequence": "6051239554594817",
      "side": "sell",
      "size": "2.6",
      "symbol": "DOGEGOV-USDT",
      "takerOrderId": "6752d93fecb8b2000773deb2",
      "time": "1733482815249000000",
      "tradeId": "6051239554594817",
      "type": "match",
      "time_received": "11:00:15.2880"
    },
    {
      "makerOrderId": "6752d93fecb8b2000773deb2",
      "price": "0.36",
      "sequence": "6051239735343105",
      "side": "buy",
      "size": "489.3",
      "symbol": "DOGEGOV-USDT",
      "takerOrderId": "6752d93fa398ab00075ce63b",
      "time": "1733482815864000000",
      "tradeId": "6051239735343105",
      "type": "match",
      "time_received": "11:00:15.9060"
    },
    {
      "makerOrderId": "6752d93fecb8b2000773deb2",
      "price": "0.36",
      "sequence": "6051241018013697",
      "side": "buy",
      "size": "458.45",
      "symbol": "DOGEGOV-USDT",
      "takerOrderId": "6752d9437cf7ff000767ea5d",
      "time": "1733482819260000000",
      "tradeId": "6051241018013697",
      "type": "match",
      "time_received": "11:00:19.3016"
    },
    {
      "makerOrderId": "6752d93fecb8b2000773deb2",
      "price": "0.36",
      "sequence": "6051241250666497",
      "side": "buy",
      "size": "2.69",
      "symbol": "DOGEGOV-USDT",
      "takerOrderId": "6752d943fe36bf0007ea8f9c",
      "time": "1733482819927000000",
      "tradeId": "6051241250666497",
      "type": "match",
      "time_received": "11:00:19.9672"
    },
    {
      "makerOrderId": "6752d93fecb8b2000773deb2",
      "price": "0.36",
      "sequence": "6051241313843201",
      "side": "buy",
      "size": "2.64",
      "symbol": "DOGEGOV-USDT",
      "takerOrderId": "6752d9443bb37e00073c12ff",
      "time": "1733482820095000000",
      "tradeId": "6051241313843201",
      "type": "match",
      "time_received": "11:00:20.1377"
    },
    {
      "makerOrderId": "6752d93fecb8b2000773deb2",
      "price": "0.36",
      "sequence": "6051241369286657",
      "side": "buy",
      "size": "2.59",
      "symbol": "DOGEGOV-USDT",
      "takerOrderId": "6752d944fd80ce0007476284",
      "time": "1733482820264000000",
      "tradeId": "6051241369286657",
      "type": "match",
      "time_received": "11:00:20.3053"
    },
    {
      "makerOrderId": "6752d93fecb8b2000773deb2",
      "price": "0.36",
      "sequence": "6051241418962945",
      "side": "buy",
      "size": "2.57",
      "symbol": "DOGEGOV-USDT",
      "takerOrderId": "6752d944ff2a9e0007d86c63",
      "time": "1733482820434000000",
      "tradeId": "6051241418962945",
      "type": "match",
      "time_received": "11:00:20.4749"
    },
    {
      "makerOrderId": "6752d93fecb8b2000773deb2",
      "price": "0.36",
      "sequence": "6051241463920641",
      "side": "buy",
      "size": "2.55",
      "symbol": "DOGEGOV-USDT",
      "takerOrderId": "6752d944fe36bf0007ea9330",
      "time": "1733482820594000000",
      "tradeId": "6051241463920641",
      "type": "match",
      "time_received": "11:00:20.6334"
    },
    {
      "makerOrderId": "6752d93fecb8b2000773deb2",
      "price": "0.36",
      "sequence": "6051241521461249",
      "side": "buy",
      "size": "2.55",
      "symbol": "DOGEGOV-USDT",
      "takerOrderId": "6752d944a398ab00075d02e1",
      "time": "1733482820777000000",
      "tradeId": "6051241521461249",
      "type": "match",
      "time_received": "11:00:20.8168"
    },
    {
      "makerOrderId": "6752d93fecb8b2000773deb2",
      "price": "0.36",
      "sequence": "6051241594075137",
      "side": "buy",
      "size": "1154.47",
      "symbol": "DOGEGOV-USDT",
      "takerOrderId": "6752d94441bdfd000764f39b",
      "time": "1733482820935000000",
      "tradeId": "6051241594075137",
      "type": "match",
      "time_received": "11:00:20.9747"
    },
    {
      "makerOrderId": "6752d93fecb8b2000773deb2",
      "price": "0.36",
      "sequence": "6051241636673537",
      "side": "buy",
      "size": "3.37",
      "symbol": "DOGEGOV-USDT",
      "takerOrderId": "6752d9451e1c9e0007181260",
      "time": "1733482821095000000",
      "tradeId": "6051241636673537",
      "type": "match",
      "time_received": "11:00:21.1377"
    },
    {
      "makerOrderId": "6752d93fecb8b2000773deb2",
      "price": "0.36",
      "sequence": "6051241663805441",
      "side": "buy",
      "size": "56.08",
      "symbol": "DOGEGOV-USDT",
      "takerOrderId": "6752d945b1d2ab000750cac6",
      "time": "1733482821177000000",
      "tradeId": "6051241663805441",
      "type": "match",
      "time_received": "11:00:21.2193"
    },
    {
      "makerOrderId": "6752d946b1d2ab000750d3f0",
      "price": "0.399",
      "sequence": "6051242317330433",
      "side": "sell",
      "size": "2.5",
      "symbol": "DOGEGOV-USDT",
      "takerOrderId": "6752d947e775000007de8135",
      "time": "1733482823041000000",
      "tradeId": "6051242317330433",
      "type": "match",
      "time_received": "11:00:23.0832"
    },
    {
      "makerOrderId": "6752d945b1d2ab000750cf1c",
      "price": "0.392",
      "sequence": "6051242317330436",
      "side": "sell",
      "size": "2.55",
      "symbol": "DOGEGOV-USDT",
      "takerOrderId": "6752d947e775000007de8135",
      "time": "1733482823041000000",
      "tradeId": "6051242317330436",
      "type": "match",
      "time_received": "11:00:23.0833"
    },
    {
      "makerOrderId": "6752d946b1d2ab000750d231",
      "price": "0.36",
      "sequence": "6051242317330439",
      "side": "sell",
      "size": "594.79",
      "symbol": "DOGEGOV-USDT",
      "takerOrderId": "6752d947e775000007de8135",
      "time": "1733482823041000000",
      "tradeId": "6051242317330439",
      "type": "match",
      "time_received": "11:00:23.0833"
    },
    {
      "makerOrderId": "6752d945a398ab00075d0598",
      "price": "0.3576",
      "sequence": "6051242512365569",
      "side": "sell",
      "size": "57.61",
      "symbol": "DOGEGOV-USDT",
      "takerOrderId": "6752d9471e1c9e00071821d5",
      "time": "1733482823676000000",
      "tradeId": "6051242512365569",
      "type": "match",
      "time_received": "11:00:23.7145"
    },
    {
      "makerOrderId": "6752d9432e6b3a000705a2ac",
      "price": "0.357",
      "sequence": "6051242512365572",
      "side": "sell",
      "size": "2.8",
      "symbol": "DOGEGOV-USDT",
      "takerOrderId": "6752d9471e1c9e00071821d5",
      "time": "1733482823676000000",
      "tradeId": "6051242512365572",
      "type": "match",
      "time_received": "11:00:23.7146"
    },
    {
      "makerOrderId": "6752d93b716ab30007b6eb6f",
      "price": "0.352",
      "sequence": "6051242512365575",
      "side": "sell",
      "size": "1084.5",
      "symbol": "DOGEGOV-USDT",
      "takerOrderId": "6752d9471e1c9e00071821d5",
      "time": "1733482823676000000",
      "tradeId": "6051242512365575",
      "type": "match",
      "time_received": "11:00:23.7146"
    },
    {
      "makerOrderId": "6752d9473bb37e00073c27dd",
      "price": "0.3838",
      "sequence": "6051242525472769",
      "side": "sell",
      "size": "10.42",
      "symbol": "DOGEGOV-USDT",
      "takerOrderId": "6752d947ff2a9e0007d87f5f",
      "time": "1733482823719000000",
      "tradeId": "6051242525472769",
      "type": "match",
      "time_received": "11:00:23.7656"
    },
    {
      "makerOrderId": "6752d93b716ab30007b6eb6f",
      "price": "0.352",
      "sequence": "6051242560993281",
      "side": "sell",
      "size": "47.19",
      "symbol": "DOGEGOV-USDT",
      "takerOrderId": "6752d947a398ab00075d1518",
      "time": "1733482823840000000",
      "tradeId": "6051242560993281",
      "type": "match",
      "time_received": "11:00:23.8783"
    },
    {
      "makerOrderId": "6752d948fd80ce00074778b3",
      "price": "0.3955",
      "sequence": "6051243004147713",
      "side": "buy",
      "size": "2209.38",
      "symbol": "DOGEGOV-USDT",
      "takerOrderId": "6752d949f517900007a19916",
      "time": "1733482825202000000",
      "tradeId": "6051243004147713",
      "type": "match",
      "time_received": "11:00:25.2433"
    },
    {
      "makerOrderId": "6752d93cff2a9e0007d83a34",
      "price": "0.4",
      "sequence": "6051243004147716",
      "side": "buy",
      "size": "1544.35",
      "symbol": "DOGEGOV-USDT",
      "takerOrderId": "6752d949f517900007a19916",
      "time": "1733482825202000000",
      "tradeId": "6051243004147716",
      "type": "match",
      "time_received": "11:00:25.2434"
    },
    {
      "makerOrderId": "6752d93cff2a9e0007d83a34",
      "price": "0.4",
      "sequence": "6051243032459265",
      "side": "buy",
      "size": "16.05",
      "symbol": "DOGEGOV-USDT",
      "takerOrderId": "6752d949fe36bf0007eaade8",
      "time": "1733482825302000000",
      "tradeId": "6051243032459265",
      "type": "match",
      "time_received": "11:00:25.3395"
    },
    {
      "makerOrderId": "6752d93cff2a9e0007d83a34",
      "price": "0.4",
      "sequence": "6051243338250241",
      "side": "buy",
      "size": "233.18",
      "symbol": "DOGEGOV-USDT",
      "takerOrderId": "6752d94a1ed0d80007bbe062",
      "time": "1733482826168000000",
      "tradeId": "6051243338250241",
      "type": "match",
      "time_received": "11:00:26.2086"
    },
    {
      "makerOrderId": "6752d93cff2a9e0007d83a34",
      "price": "0.4",
      "sequence": "6051244344358913",
      "side": "buy",
      "size": "135.13",
      "symbol": "DOGEGOV-USDT",
      "takerOrderId": "6752d94c716ab30007b755e3",
      "time": "1733482828474000000",
      "tradeId": "6051244344358913",
      "type": "match",
      "time_received": "11:00:28.5241"
    },
    {
      "makerOrderId": "6752d93cff2a9e0007d83a34",
      "price": "0.4",
      "sequence": "6051244869564417",
      "side": "buy",
      "size": "28.15",
      "symbol": "DOGEGOV-USDT",
      "takerOrderId": "6752d94dfd061e000765e391",
      "time": "1733482829389000000",
      "tradeId": "6051244869564417",
      "type": "match",
      "time_received": "11:00:29.4272"
    },
    {
      "makerOrderId": "6752d93cff2a9e0007d83a34",
      "price": "0.4",
      "sequence": "6051245703051267",
      "side": "buy",
      "size": "64.03",
      "symbol": "DOGEGOV-USDT",
      "takerOrderId": "6752d94fff2a9e0007d8bcb8",
      "time": "1733482831137000000",
      "tradeId": "6051245703051267",
      "type": "match",
      "time_received": "11:00:31.1769"
    },
    {
      "makerOrderId": "6752d93cff2a9e0007d83a34",
      "price": "0.4",
      "sequence": "6051246707062785",
      "side": "buy",
      "size": "630.65",
      "symbol": "DOGEGOV-USDT",
      "takerOrderId": "6752d9513ecf430007294f5c",
      "time": "1733482833086000000",
      "tradeId": "6051246707062785",
      "type": "match",
      "time_received": "11:00:33.1277"
    },
    {
      "makerOrderId": "6752d951e775000007deda92",
      "price": "0.3999",
      "sequence": "6051247329654785",
      "side": "buy",
      "size": "151.67",
      "symbol": "DOGEGOV-USDT",
      "takerOrderId": "6752d9521e1c9e0007187d8a",
      "time": "1733482834523000000",
      "tradeId": "6051247329654785",
      "type": "match",
      "time_received": "11:00:34.5659"
    },
    {
      "makerOrderId": "6752d951e775000007deda92",
      "price": "0.3999",
      "sequence": "6051247431759873",
      "side": "buy",
      "size": "213.92",
      "symbol": "DOGEGOV-USDT",
      "takerOrderId": "6752d9529574f30007d4eb25",
      "time": "1733482834766000000",
      "tradeId": "6051247431759873",
      "type": "match",
      "time_received": "11:00:34.8106"
    },
    {
      "makerOrderId": "6752d951e775000007deda92",
      "price": "0.3999",
      "sequence": "6051247660218369",
      "side": "buy",
      "size": "69.05",
      "symbol": "DOGEGOV-USDT",
      "takerOrderId": "6752d9538338b900070a7e9d",
      "time": "1733482835321000000",
      "tradeId": "6051247660218369",
      "type": "match",
      "time_received": "11:00:35.3629"
    },
    {
      "makerOrderId": "6752d93cff2a9e0007d83a34",
      "price": "0.4",
      "sequence": "6051247660218372",
      "side": "buy",
      "size": "441.84",
      "symbol": "DOGEGOV-USDT",
      "takerOrderId": "6752d9538338b900070a7e9d",
      "time": "1733482835321000000",
      "tradeId": "6051247660218372",
      "type": "match",
      "time_received": "11:00:35.3630"
    },
    {
      "makerOrderId": "6752d951fd061e0007660aae",
      "price": "0.3713",
      "sequence": "6051247795877889",
      "side": "sell",
      "size": "55.48",
      "symbol": "DOGEGOV-USDT",
      "takerOrderId": "6752d953f517900007a1f42c",
      "time": "1733482835557000000",
      "tradeId": "6051247795877889",
      "type": "match",
      "time_received": "11:00:35.5993"
    },
    {
      "makerOrderId": "6752d94be775000007dea289",
      "price": "0.37",
      "sequence": "6051247795877892",
      "side": "sell",
      "size": "516.98",
      "symbol": "DOGEGOV-USDT",
      "takerOrderId": "6752d953f517900007a1f42c",
      "time": "1733482835557000000",
      "tradeId": "6051247795877892",
      "type": "match",
      "time_received": "11:00:35.5994"
    },
    {
      "makerOrderId": "6752d953fd061e0007661a31",
      "price": "0.3884",
      "sequence": "6051247971252225",
      "side": "buy",
      "size": "7.08",
      "symbol": "DOGEGOV-USDT",
      "takerOrderId": "6752d953b1d2ab00075142d6",
      "time": "1733482835807000000",
      "tradeId": "6051247971252225",
      "type": "match",
      "time_received": "11:00:35.8493"
    },
    {
      "makerOrderId": "6752d953fd061e0007661a31",
      "price": "0.3884",
      "sequence": "6051248466573313",
      "side": "buy",
      "size": "20.66",
      "symbol": "DOGEGOV-USDT",
      "takerOrderId": "6752d9543ecf4300072970d0",
      "time": "1733482836724000000",
      "tradeId": "6051248466573313",
      "type": "match",
      "time_received": "11:00:36.7673"
    },
    {
      "makerOrderId": "6752d953f517900007a1f620",
      "price": "0.3884",
      "sequence": "6051248466573316",
      "side": "buy",
      "size": "27.74",
      "symbol": "DOGEGOV-USDT",
      "takerOrderId": "6752d9543ecf4300072970d0",
      "time": "1733482836724000000",
      "tradeId": "6051248466573316",
      "type": "match",
      "time_received": "11:00:36.7673"
    },
    {
      "makerOrderId": "6752d93cff2a9e0007d83a34",
      "price": "0.4",
      "sequence": "6051248466573319",
      "side": "buy",
      "size": "126.6",
      "symbol": "DOGEGOV-USDT",
      "takerOrderId": "6752d9543ecf4300072970d0",
      "time": "1733482836724000000",
      "tradeId": "6051248466573319",
      "type": "match",
      "time_received": "11:00:36.7674"
    },
    {
      "makerOrderId": "6752d93cff2a9e0007d83a34",
      "price": "0.4",
      "sequence": "6051248677861377",
      "side": "buy",
      "size": "40.94",
      "symbol": "DOGEGOV-USDT",
      "takerOrderId": "6752d955e775000007defa57",
      "time": "1733482837186000000",
      "tradeId": "6051248677861377",
      "type": "match",
      "time_received": "11:00:37.2280"
    },
    {
      "makerOrderId": "6752d94be775000007dea289",
      "price": "0.37",
      "sequence": "6051248839473153",
      "side": "sell",
      "size": "2198.75",
      "symbol": "DOGEGOV-USDT",
      "takerOrderId": "6752d955ecb8b200077487cd",
      "time": "1733482837565000000",
      "tradeId": "6051248839473153",
      "type": "match",
      "time_received": "11:00:37.6059"
    },
    {
      "makerOrderId": "6752d951e775000007ded71d",
      "price": "0.37",
      "sequence": "6051248839473156",
      "side": "sell",
      "size": "430.99",
      "symbol": "DOGEGOV-USDT",
      "takerOrderId": "6752d955ecb8b200077487cd",
      "time": "1733482837565000000",
      "tradeId": "6051248839473156",
      "type": "match",
      "time_received": "11:00:37.6060"
    },
    {
      "makerOrderId": "6752d953fe36bf0007eb08b2",
      "price": "0.37",
      "sequence": "6051248839473159",
      "side": "sell",
      "size": "76.49",
      "symbol": "DOGEGOV-USDT",
      "takerOrderId": "6752d955ecb8b200077487cd",
      "time": "1733482837565000000",
      "tradeId": "6051248839473159",
      "type": "match",
      "time_received": "11:00:37.6060"
    },
    {
      "makerOrderId": "6752d94be775000007de9d8b",
      "price": "0.36",
      "sequence": "6051248839473162",
      "side": "sell",
      "size": "553.39",
      "symbol": "DOGEGOV-USDT",
      "takerOrderId": "6752d955ecb8b200077487cd",
      "time": "1733482837565000000",
      "tradeId": "6051248839473162",
      "type": "match",
      "time_received": "11:00:37.6060"
    },
    {
      "makerOrderId": "6752d94ef517900007a1cc28",
      "price": "0.36",
      "sequence": "6051248839473165",
      "side": "sell",
      "size": "844.41",
      "symbol": "DOGEGOV-USDT",
      "takerOrderId": "6752d955ecb8b200077487cd",
      "time": "1733482837565000000",
      "tradeId": "6051248839473165",
      "type": "match",
      "time_received": "11:00:37.6060"
    },
    {
      "makerOrderId": "6752d9538338b900070a7e79",
      "price": "0.36",
      "sequence": "6051248839473168",
      "side": "sell",
      "size": "260.33",
      "symbol": "DOGEGOV-USDT",
      "takerOrderId": "6752d955ecb8b200077487cd",
      "time": "1733482837565000000",
      "tradeId": "6051248839473168",
      "type": "match",
      "time_received": "11:00:37.6061"
    },
    {
      "makerOrderId": "6752d955ecb8b200077487cd",
      "price": "0.36",
      "sequence": "6051249235572737",
      "side": "buy",
      "size": "126.16",
      "symbol": "DOGEGOV-USDT",
      "takerOrderId": "6752d956fd80ce000747f721",
      "time": "1733482838218000000",
      "tradeId": "6051249235572737",
      "type": "match",
      "time_received": "11:00:38.2614"
    },
    {
      "makerOrderId": "6752d94ba398ab00075d26c1",
      "price": "0.357",
      "sequence": "6051249851480065",
      "side": "sell",
      "size": "445.81",
      "symbol": "DOGEGOV-USDT",
      "takerOrderId": "6752d9568338b900070aacbc",
      "time": "1733482839000000000",
      "tradeId": "6051249851480065",
      "type": "match",
      "time_received": "11:00:39.0387"
    },
    {
      "makerOrderId": "6752d9568338b900070aacbc",
      "price": "0.357",
      "sequence": "6051250312198145",
      "side": "buy",
      "size": "31.86",
      "symbol": "DOGEGOV-USDT",
      "takerOrderId": "6752d957fd80ce0007480fe5",
      "time": "1733482839566000000",
      "tradeId": "6051250312198145",
      "type": "match",
      "time_received": "11:00:39.6039"
    },
    {
      "makerOrderId": "6752d9568338b900070aacbc",
      "price": "0.357",
      "sequence": "6051251019593729",
      "side": "buy",
      "size": "11.63",
      "symbol": "DOGEGOV-USDT",
      "takerOrderId": "6752d958fd061e0007665ea7",
      "time": "1733482840511000000",
      "tradeId": "6051251019593729",
      "type": "match",
      "time_received": "11:00:40.5559"
    },
    {
      "makerOrderId": "6752d955ecb8b200077487cd",
      "price": "0.36",
      "sequence": "6051251019593732",
      "side": "buy",
      "size": "751.08",
      "symbol": "DOGEGOV-USDT",
      "takerOrderId": "6752d958fd061e0007665ea7",
      "time": "1733482840511000000",
      "tradeId": "6051251019593732",
      "type": "match",
      "time_received": "11:00:40.5560"
    },
    {
      "makerOrderId": "6752d955ecb8b200077487cd",
      "price": "0.36",
      "sequence": "6051251172947969",
      "side": "buy",
      "size": "252.98",
      "symbol": "DOGEGOV-USDT",
      "takerOrderId": "6752d9582e6b3a000706673a",
      "time": "1733482840741000000",
      "tradeId": "6051251172947969",
      "type": "match",
      "time_received": "11:00:40.7817"
    },
    {
      "makerOrderId": "6752d955ecb8b200077487cd",
      "price": "0.36",
      "sequence": "6051251335215105",
      "side": "buy",
      "size": "17.92",
      "symbol": "DOGEGOV-USDT",
      "takerOrderId": "6752d9581ed0d80007bc8347",
      "time": "1733482840900000000",
      "tradeId": "6051251335215105",
      "type": "match",
      "time_received": "11:00:40.9409"
    },
    {
      "makerOrderId": "6752d955ecb8b200077487cd",
      "price": "0.36",
      "sequence": "6051252176566273",
      "side": "buy",
      "size": "2648.34",
      "symbol": "DOGEGOV-USDT",
      "takerOrderId": "6752d95a9574f30007d5511f",
      "time": "1733482842602000000",
      "tradeId": "6051252176566273",
      "type": "match",
      "time_received": "11:00:42.6437"
    },
    {
      "makerOrderId": "6752d955ecb8b200077487cd",
      "price": "0.36",
      "sequence": "6051252373305345",
      "side": "buy",
      "size": "160.7",
      "symbol": "DOGEGOV-USDT",
      "takerOrderId": "6752d95af517900007a257ef",
      "time": "1733482843010000000",
      "tradeId": "6051252373305345",
      "type": "match",
      "time_received": "11:00:43.0480"
    },
    {
      "makerOrderId": "6752d955ecb8b200077487cd",
      "price": "0.36",
      "sequence": "6051252565063681",
      "side": "buy",
      "size": "282.13",
      "symbol": "DOGEGOV-USDT",
      "takerOrderId": "6752d95bf517900007a25c3e",
      "time": "1733482843454000000",
      "tradeId": "6051252565063681",
      "type": "match",
      "time_received": "11:00:43.4953"
    },
    {
      "makerOrderId": "6752d95d3ecf43000729da6b",
      "price": "0.3599",
      "sequence": "6051253616654337",
      "side": "buy",
      "size": "770.57",
      "symbol": "DOGEGOV-USDT",
      "takerOrderId": "6752d95e3ecf43000729dce6",
      "time": "1733482846107000000",
      "tradeId": "6051253616654337",
      "type": "match",
      "time_received": "11:00:46.1487"
    },
    {
      "makerOrderId": "6752d95d3ecf43000729da6b",
      "price": "0.3599",
      "sequence": "6051253627795457",
      "side": "buy",
      "size": "243.84",
      "symbol": "DOGEGOV-USDT",
      "takerOrderId": "6752d95efe36bf0007eb828e",
      "time": "1733482846139000000",
      "tradeId": "6051253627795457",
      "type": "match",
      "time_received": "11:00:46.1772"
    },
    {
      "makerOrderId": "6752d95d3ecf43000729da6b",
      "price": "0.3599",
      "sequence": "6051253647980545",
      "side": "buy",
      "size": "524.25",
      "symbol": "DOGEGOV-USDT",
      "takerOrderId": "6752d95eecb8b2000774edd6",
      "time": "1733482846198000000",
      "tradeId": "6051253647980545",
      "type": "match",
      "time_received": "11:00:46.2397"
    },
    {
      "makerOrderId": "6752d955ecb8b200077487cd",
      "price": "0.36",
      "sequence": "6051253647980548",
      "side": "buy",
      "size": "992.39",
      "symbol": "DOGEGOV-USDT",
      "takerOrderId": "6752d95eecb8b2000774edd6",
      "time": "1733482846198000000",
      "tradeId": "6051253647980548",
      "type": "match",
      "time_received": "11:00:46.2398"
    },
    {
      "makerOrderId": "6752d955ecb8b200077487cd",
      "price": "0.36",
      "sequence": "6051254944544769",
      "side": "buy",
      "size": "1111.11",
      "symbol": "DOGEGOV-USDT",
      "takerOrderId": "6752d9609574f30007d588ef",
      "time": "1733482848877000000",
      "tradeId": "6051254944544769",
      "type": "match",
      "time_received": "11:00:48.9213"
    },
    {
      "makerOrderId": "6752d955ecb8b200077487cd",
      "price": "0.36",
      "sequence": "6051255070636033",
      "side": "buy",
      "size": "13841.04",
      "symbol": "DOGEGOV-USDT",
      "takerOrderId": "6752d9619574f30007d58b55",
      "time": "1733482849176000000",
      "tradeId": "6051255070636033",
      "type": "match",
      "time_received": "11:00:49.2155"
    },
    {
      "makerOrderId": "6752d9619574f30007d58b55",
      "price": "0.37",
      "sequence": "6051255319148545",
      "side": "sell",
      "size": "3.37",
      "symbol": "DOGEGOV-USDT",
      "takerOrderId": "6752d961fd061e000766b879",
      "time": "1733482849549000000",
      "tradeId": "6051255319148545",
      "type": "match",
      "time_received": "11:00:49.5915"
    },
    {
      "makerOrderId": "6752d9619574f30007d58d49",
      "price": "0.39",
      "sequence": "6051258001668097",
      "side": "buy",
      "size": "124.7",
      "symbol": "DOGEGOV-USDT",
      "takerOrderId": "6752d967fe36bf0007ebdefc",
      "time": "1733482855399000000",
      "tradeId": "6051258001668097",
      "type": "match",
      "time_received": "11:00:55.4390"
    },
    {
      "makerOrderId": "6752d9619574f30007d58d49",
      "price": "0.39",
      "sequence": "6051258092632065",
      "side": "buy",
      "size": "34.06",
      "symbol": "DOGEGOV-USDT",
      "takerOrderId": "6752d9673ecf4300072a3aa4",
      "time": "1733482855685000000",
      "tradeId": "6051258092632065",
      "type": "match",
      "time_received": "11:00:55.7229"
    },
    {
      "makerOrderId": "6752d9619574f30007d58d49",
      "price": "0.39",
      "sequence": "6051258342324225",
      "side": "buy",
      "size": "834.74",
      "symbol": "DOGEGOV-USDT",
      "takerOrderId": "6752d968f517900007a2cf6d",
      "time": "1733482856362000000",
      "tradeId": "6051258342324225",
      "type": "match",
      "time_received": "11:00:56.4050"
    },
    {
      "makerOrderId": "6752d9619574f30007d58d49",
      "price": "0.39",
      "sequence": "6051259247245313",
      "side": "buy",
      "size": "175.49",
      "symbol": "DOGEGOV-USDT",
      "takerOrderId": "6752d96a1e1c9e00071973d3",
      "time": "1733482858600000000",
      "tradeId": "6051259247245313",
      "type": "match",
      "time_received": "11:00:58.6420"
    },
    {
      "makerOrderId": "6752d9619574f30007d58d49",
      "price": "0.39",
      "sequence": "6051260457433089",
      "side": "buy",
      "size": "87.45",
      "symbol": "DOGEGOV-USDT",
      "takerOrderId": "6752d96df517900007a2f6eb",
      "time": "1733482861756000000",
      "tradeId": "6051260457433089",
      "type": "match",
      "time_received": "11:01:01.7991"
    },
    {
      "makerOrderId": "6752d9619574f30007d58d49",
      "price": "0.39",
      "sequence": "6051262006310913",
      "side": "buy",
      "size": "2500",
      "symbol": "DOGEGOV-USDT",
      "takerOrderId": "6752d9719574f30007d611a7",
      "time": "1733482865096000000",
      "tradeId": "6051262006310913",
      "type": "match",
      "time_received": "11:01:05.1375"
    },
    {
      "makerOrderId": "6752d9619574f30007d58d49",
      "price": "0.39",
      "sequence": "6051262712657921",
      "side": "buy",
      "size": "200",
      "symbol": "DOGEGOV-USDT",
      "takerOrderId": "6752d9729574f30007d61e34",
      "time": "1733482866807000000",
      "tradeId": "6051262712657921",
      "type": "match",
      "time_received": "11:01:06.8495"
    },
    {
      "makerOrderId": "6752d971fd061e00076741a4",
      "price": "0.3728",
      "sequence": "6051262883444737",
      "side": "sell",
      "size": "67.06",
      "symbol": "DOGEGOV-USDT",
      "takerOrderId": "6752d973aef36e000770a787",
      "time": "1733482867186000000",
      "tradeId": "6051262883444737",
      "type": "match",
      "time_received": "11:01:07.2308"
    },
    {
      "makerOrderId": "6752d965fd061e000766dc09",
      "price": "0.3725",
      "sequence": "6051262883444740",
      "side": "sell",
      "size": "268",
      "symbol": "DOGEGOV-USDT",
      "takerOrderId": "6752d973aef36e000770a787",
      "time": "1733482867186000000",
      "tradeId": "6051262883444740",
      "type": "match",
      "time_received": "11:01:07.2309"
    },
    {
      "makerOrderId": "6752d965aef36e0007703e7d",
      "price": "0.3725",
      "sequence": "6051262883444743",
      "side": "sell",
      "size": "268",
      "symbol": "DOGEGOV-USDT",
      "takerOrderId": "6752d973aef36e000770a787",
      "time": "1733482867186000000",
      "tradeId": "6051262883444743",
      "type": "match",
      "time_received": "11:01:07.2309"
    },
    {
      "makerOrderId": "6752d9707cf7ff00076987fe",
      "price": "0.3725",
      "sequence": "6051262883444746",
      "side": "sell",
      "size": "13.42",
      "symbol": "DOGEGOV-USDT",
      "takerOrderId": "6752d973aef36e000770a787",
      "time": "1733482867186000000",
      "tradeId": "6051262883444746",
      "type": "match",
      "time_received": "11:01:07.2310"
    },
    {
      "makerOrderId": "6752d972fe36bf0007ec3923",
      "price": "0.3725",
      "sequence": "6051262883444749",
      "side": "sell",
      "size": "13.42",
      "symbol": "DOGEGOV-USDT",
      "takerOrderId": "6752d973aef36e000770a787",
      "time": "1733482867186000000",
      "tradeId": "6051262883444749",
      "type": "match",
      "time_received": "11:01:07.2310"
    },
    {
      "makerOrderId": "6752d9619574f30007d58b55",
      "price": "0.37",
      "sequence": "6051262883444752",
      "side": "sell",
      "size": "16458.62",
      "symbol": "DOGEGOV-USDT",
      "takerOrderId": "6752d973aef36e000770a787",
      "time": "1733482867186000000",
      "tradeId": "6051262883444752",
      "type": "match",
      "time_received": "11:01:07.2311"
    },
    {
      "makerOrderId": "6752d963f517900007a2a67a",
      "price": "0.37",
      "sequence": "6051262883444755",
      "side": "sell",
      "size": "3142.76",
      "symbol": "DOGEGOV-USDT",
      "takerOrderId": "6752d973aef36e000770a787",
      "time": "1733482867186000000",
      "tradeId": "6051262883444755",
      "type": "match",
      "time_received": "11:01:07.2312"
    },
    {
      "makerOrderId": "6752d9619574f30007d58d49",
      "price": "0.39",
      "sequence": "6051262989613057",
      "side": "buy",
      "size": "98.86",
      "symbol": "DOGEGOV-USDT",
      "takerOrderId": "6752d973f517900007a32496",
      "time": "1733482867525000000",
      "tradeId": "6051262989613057",
      "type": "match",
      "time_received": "11:01:07.5677"
    },
    {
      "makerOrderId": "6752d9619574f30007d58d49",
      "price": "0.39",
      "sequence": "6051263016220673",
      "side": "buy",
      "size": "10.18",
      "symbol": "DOGEGOV-USDT",
      "takerOrderId": "6752d9733ecf4300072a9456",
      "time": "1733482867620000000",
      "tradeId": "6051263016220673",
      "type": "match",
      "time_received": "11:01:07.6598"
    },
    {
      "makerOrderId": "6752d9619574f30007d58d49",
      "price": "0.39",
      "sequence": "6051263158302721",
      "side": "buy",
      "size": "153.5",
      "symbol": "DOGEGOV-USDT",
      "takerOrderId": "6752d973fe36bf0007ec3eca",
      "time": "1733482868015000000",
      "tradeId": "6051263158302721",
      "type": "match",
      "time_received": "11:01:08.0593"
    },
    {
      "makerOrderId": "6752d9619574f30007d58d49",
      "price": "0.39",
      "sequence": "6051263509313537",
      "side": "buy",
      "size": "315.77",
      "symbol": "DOGEGOV-USDT",
      "takerOrderId": "6752d974ff2a9e0007da1b0c",
      "time": "1733482868960000000",
      "tradeId": "6051263509313537",
      "type": "match",
      "time_received": "11:01:09.0017"
    },
    {
      "makerOrderId": "6752d9688338b900070b5d2d",
      "price": "0.39",
      "sequence": "6051263509313540",
      "side": "buy",
      "size": "286.23",
      "symbol": "DOGEGOV-USDT",
      "takerOrderId": "6752d974ff2a9e0007da1b0c",
      "time": "1733482868960000000",
      "tradeId": "6051263509313540",
      "type": "match",
      "time_received": "11:01:09.0018"
    },
    {
      "makerOrderId": "6752d9707cf7ff000769886f",
      "price": "0.397",
      "sequence": "6051263509313543",
      "side": "buy",
      "size": "286.21",
      "symbol": "DOGEGOV-USDT",
      "takerOrderId": "6752d974ff2a9e0007da1b0c",
      "time": "1733482868960000000",
      "tradeId": "6051263509313543",
      "type": "match",
      "time_received": "11:01:09.0019"
    },
    {
      "makerOrderId": "6752d93cff2a9e0007d83a34",
      "price": "0.4",
      "sequence": "6051263509313546",
      "side": "buy",
      "size": "131.68",
      "symbol": "DOGEGOV-USDT",
      "takerOrderId": "6752d974ff2a9e0007da1b0c",
      "time": "1733482868960000000",
      "tradeId": "6051263509313546",
      "type": "match",
      "time_received": "11:01:09.0019"
    },
    {
      "makerOrderId": "6752d975716ab30007b8d675",
      "price": "0.3875",
      "sequence": "6051263795050497",
      "side": "buy",
      "size": "26.84",
      "symbol": "DOGEGOV-USDT",
      "takerOrderId": "6752d9759574f30007d62e9e",
      "time": "1733482869779000000",
      "tradeId": "6051263795050497",
      "type": "match",
      "time_received": "11:01:09.8199"
    },
    {
      "makerOrderId": "6752d93cff2a9e0007d83a34",
      "price": "0.4",
      "sequence": "6051264310556673",
      "side": "buy",
      "size": "2.5",
      "symbol": "DOGEGOV-USDT",
      "takerOrderId": "6752d97741bdfd000766af00",
      "time": "1733482871340000000",
      "tradeId": "6051264310556673",
      "type": "match",
      "time_received": "11:01:11.3818"
    },
    {
      "makerOrderId": "6752d93cff2a9e0007d83a34",
      "price": "0.4",
      "sequence": "6051264354596865",
      "side": "buy",
      "size": "1",
      "symbol": "DOGEGOV-USDT",
      "takerOrderId": "6752d977b1d2ab000752881d",
      "time": "1733482871482000000",
      "tradeId": "6051264354596865",
      "type": "match",
      "time_received": "11:01:11.5242"
    },
    {
      "makerOrderId": "6752d93cff2a9e0007d83a34",
      "price": "0.4",
      "sequence": "6051265606858753",
      "side": "buy",
      "size": "50",
      "symbol": "DOGEGOV-USDT",
      "takerOrderId": "6752d97ab1d2ab000752a12b",
      "time": "1733482874225000000",
      "tradeId": "6051265606858753",
      "type": "match",
      "time_received": "11:01:14.2651"
    },
    {
      "makerOrderId": "6752d97aaef36e000770ddcb",
      "price": "0.3984",
      "sequence": "6051266762389505",
      "side": "buy",
      "size": "4.41",
      "symbol": "DOGEGOV-USDT",
      "takerOrderId": "6752d97daef36e000770ef70",
      "time": "1733482877230000000",
      "tradeId": "6051266762389505",
      "type": "match",
      "time_received": "11:01:17.2693"
    },
    {
      "makerOrderId": "6752d97aaef36e000770ddcb",
      "price": "0.3984",
      "sequence": "6051266981410817",
      "side": "buy",
      "size": "62.65",
      "symbol": "DOGEGOV-USDT",
      "takerOrderId": "6752d97daef36e000770f2be",
      "time": "1733482877809000000",
      "tradeId": "6051266981410817",
      "type": "match",
      "time_received": "11:01:17.8473"
    },
    {
      "makerOrderId": "6752d93cff2a9e0007d83a34",
      "price": "0.4",
      "sequence": "6051266981410820",
      "side": "buy",
      "size": "369.28",
      "symbol": "DOGEGOV-USDT",
      "takerOrderId": "6752d97daef36e000770f2be",
      "time": "1733482877809000000",
      "tradeId": "6051266981410820",
      "type": "match",
      "time_received": "11:01:17.8474"
    },
    {
      "makerOrderId": "6752d93cff2a9e0007d83a34",
      "price": "0.4",
      "sequence": "6051267591157761",
      "side": "buy",
      "size": "306.73",
      "symbol": "DOGEGOV-USDT",
      "takerOrderId": "6752d97f8338b900070c0839",
      "time": "1733482879488000000",
      "tradeId": "6051267591157761",
      "type": "match",
      "time_received": "11:01:19.5294"
    },
    {
      "makerOrderId": "6752d93cff2a9e0007d83a34",
      "price": "0.4",
      "sequence": "6051268061706241",
      "side": "buy",
      "size": "1195.97",
      "symbol": "DOGEGOV-USDT",
      "takerOrderId": "6752d980a398ab00075f0926",
      "time": "1733482880607000000",
      "tradeId": "6051268061706241",
      "type": "match",
      "time_received": "11:01:20.6491"
    },
    {
      "makerOrderId": "6752d93cff2a9e0007d83a34",
      "price": "0.4",
      "sequence": "6051268215846913",
      "side": "buy",
      "size": "17.24",
      "symbol": "DOGEGOV-USDT",
      "takerOrderId": "6752d980e775000007e07c97",
      "time": "1733482881018000000",
      "tradeId": "6051268215846913",
      "type": "match",
      "time_received": "11:01:21.0586"
    },
    {
      "makerOrderId": "6752d93cff2a9e0007d83a34",
      "price": "0.4",
      "sequence": "6051268376934401",
      "side": "buy",
      "size": "20.51",
      "symbol": "DOGEGOV-USDT",
      "takerOrderId": "6752d98141bdfd000766fef8",
      "time": "1733482881531000000",
      "tradeId": "6051268376934401",
      "type": "match",
      "time_received": "11:01:21.5698"
    },
    {
      "makerOrderId": "6752d93cff2a9e0007d83a34",
      "price": "0.4",
      "sequence": "6051269514246145",
      "side": "buy",
      "size": "250",
      "symbol": "DOGEGOV-USDT",
      "takerOrderId": "6752d984aef36e000771239a",
      "time": "1733482884852000000",
      "tradeId": "6051269514246145",
      "type": "match",
      "time_received": "11:01:24.8947"
    },
    {
      "makerOrderId": "6752d93cff2a9e0007d83a34",
      "price": "0.4",
      "sequence": "6051269710723073",
      "side": "buy",
      "size": "493.06",
      "symbol": "DOGEGOV-USDT",
      "takerOrderId": "6752d9858338b900070c2f9e",
      "time": "1733482885340000000",
      "tradeId": "6051269710723073",
      "type": "match",
      "time_received": "11:01:25.3825"
    },
    {
      "makerOrderId": "6752d93cff2a9e0007d83a34",
      "price": "0.4",
      "sequence": "6051270326106113",
      "side": "buy",
      "size": "140.29",
      "symbol": "DOGEGOV-USDT",
      "takerOrderId": "6752d986a398ab00075f328f",
      "time": "1733482886593000000",
      "tradeId": "6051270326106113",
      "type": "match",
      "time_received": "11:01:26.6367"
    },
    {
      "makerOrderId": "6752d93cff2a9e0007d83a34",
      "price": "0.4",
      "sequence": "6051270999685121",
      "side": "buy",
      "size": "25",
      "symbol": "DOGEGOV-USDT",
      "takerOrderId": "6752d9881e1c9e00071a4eed",
      "time": "1733482888191000000",
      "tradeId": "6051270999685121",
      "type": "match",
      "time_received": "11:01:28.2335"
    },
    {
      "makerOrderId": "6752d93cff2a9e0007d83a34",
      "price": "0.4",
      "sequence": "6051271517157377",
      "side": "buy",
      "size": "43.75",
      "symbol": "DOGEGOV-USDT",
      "takerOrderId": "6752d989716ab30007b96c48",
      "time": "1733482889472000000",
      "tradeId": "6051271517157377",
      "type": "match",
      "time_received": "11:01:29.5157"
    },
    {
      "makerOrderId": "6752d93cff2a9e0007d83a34",
      "price": "0.4",
      "sequence": "6051271645870081",
      "side": "buy",
      "size": "4.63",
      "symbol": "DOGEGOV-USDT",
      "takerOrderId": "6752d9892e6b3a000707f2d5",
      "time": "1733482889822000000",
      "tradeId": "6051271645870081",
      "type": "match",
      "time_received": "11:01:29.8606"
    },
    {
      "makerOrderId": "6752d93cff2a9e0007d83a34",
      "price": "0.4",
      "sequence": "6051271843264513",
      "side": "buy",
      "size": "112.16",
      "symbol": "DOGEGOV-USDT",
      "takerOrderId": "6752d98aecb8b20007764dd8",
      "time": "1733482890094000000",
      "tradeId": "6051271843264513",
      "type": "match",
      "time_received": "11:01:30.1353"
    },
    {
      "makerOrderId": "6752d93cff2a9e0007d83a34",
      "price": "0.4",
      "sequence": "6051272243427329",
      "side": "buy",
      "size": "109.33",
      "symbol": "DOGEGOV-USDT",
      "takerOrderId": "6752d98aff2a9e0007dac41d",
      "time": "1733482890567000000",
      "tradeId": "6051272243427329",
      "type": "match",
      "time_received": "11:01:30.6098"
    },
    {
      "makerOrderId": "6752d93cff2a9e0007d83a34",
      "price": "0.4",
      "sequence": "6051272303851521",
      "side": "buy",
      "size": "249.51",
      "symbol": "DOGEGOV-USDT",
      "takerOrderId": "6752d98aaef36e0007715df3",
      "time": "1733482890676000000",
      "tradeId": "6051272303851521",
      "type": "match",
      "time_received": "11:01:30.7184"
    },
    {
      "makerOrderId": "6752d93cff2a9e0007d83a34",
      "price": "0.4",
      "sequence": "6051273143367681",
      "side": "buy",
      "size": "136.85",
      "symbol": "DOGEGOV-USDT",
      "takerOrderId": "6752d98cfd061e00076813e6",
      "time": "1733482892044000000",
      "tradeId": "6051273143367681",
      "type": "match",
      "time_received": "11:01:32.0868"
    },
    {
      "makerOrderId": "6752d93cff2a9e0007d83a34",
      "price": "0.4",
      "sequence": "6051273244817409",
      "side": "buy",
      "size": "22.52",
      "symbol": "DOGEGOV-USDT",
      "takerOrderId": "6752d98c41bdfd000767638d",
      "time": "1733482892313000000",
      "tradeId": "6051273244817409",
      "type": "match",
      "time_received": "11:01:32.3568"
    },
    {
      "makerOrderId": "6752d93cff2a9e0007d83a34",
      "price": "0.4",
      "sequence": "6051273657038849",
      "side": "buy",
      "size": "195.32",
      "symbol": "DOGEGOV-USDT",
      "takerOrderId": "6752d98dff2a9e0007dae432",
      "time": "1733482893196000000",
      "tradeId": "6051273657038849",
      "type": "match",
      "time_received": "11:01:33.2348"
    },
    {
      "makerOrderId": "6752d93cff2a9e0007d83a34",
      "price": "0.4",
      "sequence": "6051274215798785",
      "side": "buy",
      "size": "504.22",
      "symbol": "DOGEGOV-USDT",
      "takerOrderId": "6752d98e9574f30007d6fd3f",
      "time": "1733482894685000000",
      "tradeId": "6051274215798785",
      "type": "match",
      "time_received": "11:01:34.7234"
    },
    {
      "makerOrderId": "6752d93cff2a9e0007d83a34",
      "price": "0.4",
      "sequence": "6051274326030337",
      "side": "buy",
      "size": "93.73",
      "symbol": "DOGEGOV-USDT",
      "takerOrderId": "6752d98f3bb37e00073e9d3c",
      "time": "1733482895030000000",
      "tradeId": "6051274326030337",
      "type": "match",
      "time_received": "11:01:35.0736"
    },
    {
      "makerOrderId": "6752d990fd061e00076831d9",
      "price": "0.398",
      "sequence": "6051275347081217",
      "side": "buy",
      "size": "24.69",
      "symbol": "DOGEGOV-USDT",
      "takerOrderId": "6752d9913bb37e00073eaee8",
      "time": "1733482897360000000",
      "tradeId": "6051275347081217",
      "type": "match",
      "time_received": "11:01:37.4027"
    },
    {
      "makerOrderId": "6752d990fd061e00076831d9",
      "price": "0.398",
      "sequence": "6051275363334145",
      "side": "buy",
      "size": "35.83",
      "symbol": "DOGEGOV-USDT",
      "takerOrderId": "6752d991a398ab00075f9894",
      "time": "1733482897390000000",
      "tradeId": "6051275363334145",
      "type": "match",
      "time_received": "11:01:37.4315"
    },
    {
      "makerOrderId": "6752d990fd061e00076831d9",
      "price": "0.398",
      "sequence": "6051275595331585",
      "side": "buy",
      "size": "21.9",
      "symbol": "DOGEGOV-USDT",
      "takerOrderId": "6752d991fe36bf0007ed3006",
      "time": "1733482897792000000",
      "tradeId": "6051275595331585",
      "type": "match",
      "time_received": "11:01:37.8330"
    },
    {
      "makerOrderId": "6752d9759574f30007d62e9e",
      "price": "0.39",
      "sequence": "6051275925895169",
      "side": "sell",
      "size": "536",
      "symbol": "DOGEGOV-USDT",
      "takerOrderId": "6752d992aef36e000771a76b",
      "time": "1733482898304000000",
      "tradeId": "6051275925895169",
      "type": "match",
      "time_received": "11:01:38.3471"
    },
    {
      "makerOrderId": "6752d9759574f30007d62e9e",
      "price": "0.39",
      "sequence": "6051276064831489",
      "side": "sell",
      "size": "29.86",
      "symbol": "DOGEGOV-USDT",
      "takerOrderId": "6752d992716ab30007b9ca36",
      "time": "1733482898635000000",
      "tradeId": "6051276064831489",
      "type": "match",
      "time_received": "11:01:38.6776"
    },
    {
      "makerOrderId": "6752d9759574f30007d62e9e",
      "price": "0.39",
      "sequence": "6051276460931073",
      "side": "sell",
      "size": "1030.97",
      "symbol": "DOGEGOV-USDT",
      "takerOrderId": "6752d993fd061e0007685040",
      "time": "1733482899707000000",
      "tradeId": "6051276460931073",
      "type": "match",
      "time_received": "11:01:39.7522"
    },
    {
      "makerOrderId": "6752d97a3bb37e00073df25b",
      "price": "0.39",
      "sequence": "6051276460931076",
      "side": "sell",
      "size": "134.11",
      "symbol": "DOGEGOV-USDT",
      "takerOrderId": "6752d993fd061e0007685040",
      "time": "1733482899707000000",
      "tradeId": "6051276460931076",
      "type": "match",
      "time_received": "11:01:39.7523"
    },
    {
      "makerOrderId": "6752d9809574f30007d67bdb",
      "price": "0.39",
      "sequence": "6051276460931079",
      "side": "sell",
      "size": "88.81",
      "symbol": "DOGEGOV-USDT",
      "takerOrderId": "6752d993fd061e0007685040",
      "time": "1733482899707000000",
      "tradeId": "6051276460931079",
      "type": "match",
      "time_received": "11:01:39.7524"
    },
    {
      "makerOrderId": "6752d9862e6b3a000707d9d8",
      "price": "0.39",
      "sequence": "6051276460931082",
      "side": "sell",
      "size": "511.29",
      "symbol": "DOGEGOV-USDT",
      "takerOrderId": "6752d993fd061e0007685040",
      "time": "1733482899707000000",
      "tradeId": "6051276460931082",
      "type": "match",
      "time_received": "11:01:39.7524"
    },
    {
      "makerOrderId": "6752d986fd80ce0007499876",
      "price": "0.39",
      "sequence": "6051276460931085",
      "side": "sell",
      "size": "375.01",
      "symbol": "DOGEGOV-USDT",
      "takerOrderId": "6752d993fd061e0007685040",
      "time": "1733482899707000000",
      "tradeId": "6051276460931085",
      "type": "match",
      "time_received": "11:01:39.7524"
    },
    {
      "makerOrderId": "6752d987ff2a9e0007daa612",
      "price": "0.39",
      "sequence": "6051276460931088",
      "side": "sell",
      "size": "4.64",
      "symbol": "DOGEGOV-USDT",
      "takerOrderId": "6752d993fd061e0007685040",
      "time": "1733482899707000000",
      "tradeId": "6051276460931088",
      "type": "match",
      "time_received": "11:01:39.7525"
    },
    {
      "makerOrderId": "6752d98e1e1c9e00071a938c",
      "price": "0.39",
      "sequence": "6051276460931091",
      "side": "sell",
      "size": "25.64",
      "symbol": "DOGEGOV-USDT",
      "takerOrderId": "6752d993fd061e0007685040",
      "time": "1733482899707000000",
      "tradeId": "6051276460931091",
      "type": "match",
      "time_received": "11:01:39.7525"
    },
    {
      "makerOrderId": "6752d98eff2a9e0007daed91",
      "price": "0.39",
      "sequence": "6051276460931094",
      "side": "sell",
      "size": "51.28",
      "symbol": "DOGEGOV-USDT",
      "takerOrderId": "6752d993fd061e0007685040",
      "time": "1733482899707000000",
      "tradeId": "6051276460931094",
      "type": "match",
      "time_received": "11:01:39.7525"
    },
    {
      "makerOrderId": "6752d977b1d2ab00075288be",
      "price": "0.38",
      "sequence": "6051276460931097",
      "side": "sell",
      "size": "139.38",
      "symbol": "DOGEGOV-USDT",
      "takerOrderId": "6752d993fd061e0007685040",
      "time": "1733482899707000000",
      "tradeId": "6051276460931097",
      "type": "match",
      "time_received": "11:01:39.7525"
    },
    {
      "makerOrderId": "6752d977fd061e000767627a",
      "price": "0.38",
      "sequence": "6051276460931100",
      "side": "sell",
      "size": "1958.06",
      "symbol": "DOGEGOV-USDT",
      "takerOrderId": "6752d993fd061e0007685040",
      "time": "1733482899707000000",
      "tradeId": "6051276460931100",
      "type": "match",
      "time_received": "11:01:39.7526"
    },
    {
      "makerOrderId": "6752d98d3bb37e00073e960f",
      "price": "0.38",
      "sequence": "6051276460931103",
      "side": "sell",
      "size": "56.77",
      "symbol": "DOGEGOV-USDT",
      "takerOrderId": "6752d993fd061e0007685040",
      "time": "1733482899707000000",
      "tradeId": "6051276460931103",
      "type": "match",
      "time_received": "11:01:39.7531"
    },
    {
      "makerOrderId": "6752d98e3bb37e00073e9a40",
      "price": "0.38",
      "sequence": "6051276460931106",
      "side": "sell",
      "size": "23.52",
      "symbol": "DOGEGOV-USDT",
      "takerOrderId": "6752d993fd061e0007685040",
      "time": "1733482899707000000",
      "tradeId": "6051276460931106",
      "type": "match",
      "time_received": "11:01:39.7532"
    },
    {
      "makerOrderId": "6752d992a398ab00075fa714",
      "price": "0.38",
      "sequence": "6051276460931109",
      "side": "sell",
      "size": "95.5",
      "symbol": "DOGEGOV-USDT",
      "takerOrderId": "6752d993fd061e0007685040",
      "time": "1733482899707000000",
      "tradeId": "6051276460931109",
      "type": "match",
      "time_received": "11:01:39.7532"
    },
    {
      "makerOrderId": "6752d976e775000007e02ccc",
      "price": "0.3792",
      "sequence": "6051276460931112",
      "side": "sell",
      "size": "26.79",
      "symbol": "DOGEGOV-USDT",
      "takerOrderId": "6752d993fd061e0007685040",
      "time": "1733482899707000000",
      "tradeId": "6051276460931112",
      "type": "match",
      "time_received": "11:01:39.7532"
    },
    {
      "makerOrderId": "6752d973fe36bf0007ec3bd4",
      "price": "0.3725",
      "sequence": "6051276463290369",
      "side": "sell",
      "size": "13.42",
      "symbol": "DOGEGOV-USDT",
      "takerOrderId": "6752d99341bdfd0007679e36",
      "time": "1733482899708000000",
      "tradeId": "6051276463290369",
      "type": "match",
      "time_received": "11:01:39.7532"
    },
    {
      "makerOrderId": "6752d977b1d2ab0007528666",
      "price": "0.3725",
      "sequence": "6051276463290372",
      "side": "sell",
      "size": "13.42",
      "symbol": "DOGEGOV-USDT",
      "takerOrderId": "6752d99341bdfd0007679e36",
      "time": "1733482899708000000",
      "tradeId": "6051276463290372",
      "type": "match",
      "time_received": "11:01:39.7533"
    },
    {
      "makerOrderId": "6752d9788338b900070bd2b0",
      "price": "0.3725",
      "sequence": "6051276463290375",
      "side": "sell",
      "size": "13.42",
      "symbol": "DOGEGOV-USDT",
      "takerOrderId": "6752d99341bdfd0007679e36",
      "time": "1733482899708000000",
      "tradeId": "6051276463290375",
      "type": "match",
      "time_received": "11:01:39.7533"
    },
    {
      "makerOrderId": "6752d978716ab30007b8e9e9",
      "price": "0.3725",
      "sequence": "6051276463290378",
      "side": "sell",
      "size": "13.42",
      "symbol": "DOGEGOV-USDT",
      "takerOrderId": "6752d99341bdfd0007679e36",
      "time": "1733482899708000000",
      "tradeId": "6051276463290378",
      "type": "match",
      "time_received": "11:01:39.7533"
    },
    {
      "makerOrderId": "6752d978ecb8b2000775c60d",
      "price": "0.3725",
      "sequence": "6051276463290381",
      "side": "sell",
      "size": "13.42",
      "symbol": "DOGEGOV-USDT",
      "takerOrderId": "6752d99341bdfd0007679e36",
      "time": "1733482899708000000",
      "tradeId": "6051276463290381",
      "type": "match",
      "time_received": "11:01:39.7534"
    },
    {
      "makerOrderId": "6752d9797cf7ff000769c33d",
      "price": "0.3725",
      "sequence": "6051276463290384",
      "side": "sell",
      "size": "13.42",
      "symbol": "DOGEGOV-USDT",
      "takerOrderId": "6752d99341bdfd0007679e36",
      "time": "1733482899708000000",
      "tradeId": "6051276463290384",
      "type": "match",
      "time_received": "11:01:39.7534"
    },
    {
      "makerOrderId": "6752d979a398ab00075ed763",
      "price": "0.3725",
      "sequence": "6051276463290387",
      "side": "sell",
      "size": "13.42",
      "symbol": "DOGEGOV-USDT",
      "takerOrderId": "6752d99341bdfd0007679e36",
      "time": "1733482899708000000",
      "tradeId": "6051276463290387",
      "type": "match",
      "time_received": "11:01:39.7534"
    },
    {
      "makerOrderId": "6752d994f517900007a42b0e",
      "price": "0.3712",
      "sequence": "6051277496399873",
      "side": "buy",
      "size": "35.55",
      "symbol": "DOGEGOV-USDT",
      "takerOrderId": "6752d996fe36bf0007ed5307",
      "time": "1733482902237000000",
      "tradeId": "6051277496399873",
      "type": "match",
      "time_received": "11:01:42.2775"
    },
    {
      "makerOrderId": "6752d994f517900007a42b0e",
      "price": "0.3712",
      "sequence": "6051278892709889",
      "side": "buy",
      "size": "306.95",
      "symbol": "DOGEGOV-USDT",
      "takerOrderId": "6752d998fe36bf0007ed6f02",
      "time": "1733482904917000000",
      "tradeId": "6051278892709889",
      "type": "match",
      "time_received": "11:01:44.9608"
    },
    {
      "makerOrderId": "6752d994f517900007a42b0e",
      "price": "0.3712",
      "sequence": "6051279290775553",
      "side": "buy",
      "size": "1",
      "symbol": "DOGEGOV-USDT",
      "takerOrderId": "6752d9997cf7ff00076ad50f",
      "time": "1733482905840000000",
      "tradeId": "6051279290775553",
      "type": "match",
      "time_received": "11:01:45.8857"
    },
    {
      "makerOrderId": "6752d994f517900007a42b0e",
      "price": "0.3712",
      "sequence": "6051279640737793",
      "side": "buy",
      "size": "20",
      "symbol": "DOGEGOV-USDT",
      "takerOrderId": "6752d99afe36bf0007ed7be3",
      "time": "1733482906832000000",
      "tradeId": "6051279640737793",
      "type": "match",
      "time_received": "11:01:46.8763"
    },
    {
      "makerOrderId": "6752d9742e6b3a0007075370",
      "price": "0.3711",
      "sequence": "6051279868409857",
      "side": "sell",
      "size": "106.05",
      "symbol": "DOGEGOV-USDT",
      "takerOrderId": "6752d99bfe36bf0007ed7f5b",
      "time": "1733482907439000000",
      "tradeId": "6051279868409857",
      "type": "match",
      "time_received": "11:01:47.4789"
    },
    {
      "makerOrderId": "6752d9953bb37e00073ed679",
      "price": "0.3711",
      "sequence": "6051279868409860",
      "side": "sell",
      "size": "183.29",
      "symbol": "DOGEGOV-USDT",
      "takerOrderId": "6752d99bfe36bf0007ed7f5b",
      "time": "1733482907439000000",
      "tradeId": "6051279868409860",
      "type": "match",
      "time_received": "11:01:47.4790"
    },
    {
      "makerOrderId": "6752d99bf517900007a46982",
      "price": "0.3701",
      "sequence": "6051280251533313",
      "side": "buy",
      "size": "1349.7",
      "symbol": "DOGEGOV-USDT",
      "takerOrderId": "6752d99c9574f30007d76d7b",
      "time": "1733482908462000000",
      "tradeId": "6051280251533313",
      "type": "match",
      "time_received": "11:01:48.5030"
    },
    {
      "makerOrderId": "6752d99b2e6b3a00070893d7",
      "price": "0.3703",
      "sequence": "6051280251533316",
      "side": "buy",
      "size": "737.6",
      "symbol": "DOGEGOV-USDT",
      "takerOrderId": "6752d99c9574f30007d76d7b",
      "time": "1733482908462000000",
      "tradeId": "6051280251533316",
      "type": "match",
      "time_received": "11:01:48.5031"
    },
    {
      "makerOrderId": "6752d99b2e6b3a00070893d7",
      "price": "0.3703",
      "sequence": "6051280369498113",
      "side": "buy",
      "size": "134.07",
      "symbol": "DOGEGOV-USDT",
      "takerOrderId": "6752d99c9574f30007d76f62",
      "time": "1733482908809000000",
      "tradeId": "6051280369498113",
      "type": "match",
      "time_received": "11:01:48.8523"
    },
    {
      "makerOrderId": "6752d99c1ed0d80007beb60c",
      "price": "0.3701",
      "sequence": "6051281117919233",
      "side": "buy",
      "size": "60.52",
      "symbol": "DOGEGOV-USDT",
      "takerOrderId": "6752d99ef517900007a47f9f",
      "time": "1733482910622000000",
      "tradeId": "6051281117919233",
      "type": "match",
      "time_received": "11:01:50.6623"
    },
    {
      "makerOrderId": "6752d99c1ed0d80007beb60c",
      "price": "0.3701",
      "sequence": "6051281225660417",
      "side": "buy",
      "size": "414.82",
      "symbol": "DOGEGOV-USDT",
      "takerOrderId": "6752d99e3bb37e00073f1c0e",
      "time": "1733482910879000000",
      "tradeId": "6051281225660417",
      "type": "match",
      "time_received": "11:01:50.9187"
    },
    {
      "makerOrderId": "6752d963f517900007a2a67a",
      "price": "0.37",
      "sequence": "6051281290278913",
      "side": "sell",
      "size": "16646.27",
      "symbol": "DOGEGOV-USDT",
      "takerOrderId": "6752d99f9574f30007d78089",
      "time": "1733482911045000000",
      "tradeId": "6051281290278913",
      "type": "match",
      "time_received": "11:01:51.0891"
    },
    {
      "makerOrderId": "6752d99bfe36bf0007ed7f5b",
      "price": "0.3711",
      "sequence": "6051281846941697",
      "side": "buy",
      "size": "297.4",
      "symbol": "DOGEGOV-USDT",
      "takerOrderId": "6752d99f41bdfd000768037f",
      "time": "1733482911964000000",
      "tradeId": "6051281846941697",
      "type": "match",
      "time_received": "11:01:52.0029"
    },
    {
      "makerOrderId": "6752d963f517900007a2a67a",
      "price": "0.37",
      "sequence": "6051281967134721",
      "side": "sell",
      "size": "93.94",
      "symbol": "DOGEGOV-USDT",
      "takerOrderId": "6752d9a0aef36e00077215e2",
      "time": "1733482912239000000",
      "tradeId": "6051281967134721",
      "type": "match",
      "time_received": "11:01:52.2821"
    },
    {
      "makerOrderId": "6752d9a1a398ab0007601f31",
      "price": "0.3701",
      "sequence": "6051283407353857",
      "side": "buy",
      "size": "4.98",
      "symbol": "DOGEGOV-USDT",
      "takerOrderId": "6752d9a3b1d2ab000753f8e0",
      "time": "1733482915751000000",
      "tradeId": "6051283407353857",
      "type": "match",
      "time_received": "11:01:55.7898"
    },
    {
      "makerOrderId": "6752d9a1a398ab0007601f31",
      "price": "0.3701",
      "sequence": "6051283892320257",
      "side": "buy",
      "size": "26.67",
      "symbol": "DOGEGOV-USDT",
      "takerOrderId": "6752d9a5ff2a9e0007dba068",
      "time": "1733482917075000000",
      "tradeId": "6051283892320257",
      "type": "match",
      "time_received": "11:01:57.1170"
    },
    {
      "makerOrderId": "6752d963f517900007a2a67a",
      "price": "0.37",
      "sequence": "6051284398913537",
      "side": "sell",
      "size": "1198.11",
      "symbol": "DOGEGOV-USDT",
      "takerOrderId": "6752d9a6ff2a9e0007dba926",
      "time": "1733482918223000000",
      "tradeId": "6051284398913537",
      "type": "match",
      "time_received": "11:01:58.2709"
    },
    {
      "makerOrderId": "6752d979fe36bf0007ec6650",
      "price": "0.37",
      "sequence": "6051284398913540",
      "side": "sell",
      "size": "39.39",
      "symbol": "DOGEGOV-USDT",
      "takerOrderId": "6752d9a6ff2a9e0007dba926",
      "time": "1733482918223000000",
      "tradeId": "6051284398913540",
      "type": "match",
      "time_received": "11:01:58.2710"
    },
    {
      "makerOrderId": "6752d97baef36e000770e5ff",
      "price": "0.37",
      "sequence": "6051284398913543",
      "side": "sell",
      "size": "13.26",
      "symbol": "DOGEGOV-USDT",
      "takerOrderId": "6752d9a6ff2a9e0007dba926",
      "time": "1733482918223000000",
      "tradeId": "6051284398913543",
      "type": "match",
      "time_received": "11:01:58.2710"
    },
    {
      "makerOrderId": "6752d97f9574f30007d677eb",
      "price": "0.37",
      "sequence": "6051284398913546",
      "side": "sell",
      "size": "93.46",
      "symbol": "DOGEGOV-USDT",
      "takerOrderId": "6752d9a6ff2a9e0007dba926",
      "time": "1733482918223000000",
      "tradeId": "6051284398913546",
      "type": "match",
      "time_received": "11:01:58.2710"
    },
    {
      "makerOrderId": "6752d9823bb37e00073e2ca0",
      "price": "0.37",
      "sequence": "6051284398913549",
      "side": "sell",
      "size": "32",
      "symbol": "DOGEGOV-USDT",
      "takerOrderId": "6752d9a6ff2a9e0007dba926",
      "time": "1733482918223000000",
      "tradeId": "6051284398913549",
      "type": "match",
      "time_received": "11:01:58.2711"
    },
    {
      "makerOrderId": "6752d988716ab30007b962b0",
      "price": "0.37",
      "sequence": "6051284398913552",
      "side": "sell",
      "size": "2632.37",
      "symbol": "DOGEGOV-USDT",
      "takerOrderId": "6752d9a6ff2a9e0007dba926",
      "time": "1733482918223000000",
      "tradeId": "6051284398913552",
      "type": "match",
      "time_received": "11:01:58.2713"
    },
    {
      "makerOrderId": "6752d96ab1d2ab0007522eaf",
      "price": "0.365",
      "sequence": "6051284398913555",
      "side": "sell",
      "size": "573.89",
      "symbol": "DOGEGOV-USDT",
      "takerOrderId": "6752d9a6ff2a9e0007dba926",
      "time": "1733482918223000000",
      "tradeId": "6051284398913555",
      "type": "match",
      "time_received": "11:01:58.2714"
    },
    {
      "makerOrderId": "6752d962ff2a9e0007d98ef1",
      "price": "0.36",
      "sequence": "6051284398913558",
      "side": "sell",
      "size": "277.77",
      "symbol": "DOGEGOV-USDT",
      "takerOrderId": "6752d9a6ff2a9e0007dba926",
      "time": "1733482918223000000",
      "tradeId": "6051284398913558",
      "type": "match",
      "time_received": "11:01:58.2714"
    },
    {
      "makerOrderId": "6752d9697cf7ff0007694d76",
      "price": "0.36",
      "sequence": "6051284398913561",
      "side": "sell",
      "size": "122.21",
      "symbol": "DOGEGOV-USDT",
      "takerOrderId": "6752d9a6ff2a9e0007dba926",
      "time": "1733482918223000000",
      "tradeId": "6051284398913561",
      "type": "match",
      "time_received": "11:01:58.2714"
    },
    {
      "makerOrderId": "6752d96fb1d2ab00075254a5",
      "price": "0.36",
      "sequence": "6051284398913564",
      "side": "sell",
      "size": "555.55",
      "symbol": "DOGEGOV-USDT",
      "takerOrderId": "6752d9a6ff2a9e0007dba926",
      "time": "1733482918223000000",
      "tradeId": "6051284398913564",
      "type": "match",
      "time_received": "11:01:58.2715"
    },
    {
      "makerOrderId": "6752d97a716ab30007b8f992",
      "price": "0.36",
      "sequence": "6051284398913567",
      "side": "sell",
      "size": "10.17",
      "symbol": "DOGEGOV-USDT",
      "takerOrderId": "6752d9a6ff2a9e0007dba926",
      "time": "1733482918223000000",
      "tradeId": "6051284398913567",
      "type": "match",
      "time_received": "11:01:58.2721"
    },
    {
      "makerOrderId": "6752d983ecb8b200077613f2",
      "price": "0.36",
      "sequence": "6051284398913570",
      "side": "sell",
      "size": "558.23",
      "symbol": "DOGEGOV-USDT",
      "takerOrderId": "6752d9a6ff2a9e0007dba926",
      "time": "1733482918223000000",
      "tradeId": "6051284398913570",
      "type": "match",
      "time_received": "11:01:58.2721"
    },
    {
      "makerOrderId": "6752d99a8338b900070cf1bc",
      "price": "0.36",
      "sequence": "6051284398913573",
      "side": "sell",
      "size": "111.11",
      "symbol": "DOGEGOV-USDT",
      "takerOrderId": "6752d9a6ff2a9e0007dba926",
      "time": "1733482918223000000",
      "tradeId": "6051284398913573",
      "type": "match",
      "time_received": "11:01:58.2722"
    },
    {
      "makerOrderId": "6752d99afd061e0007688b63",
      "price": "0.36",
      "sequence": "6051284398913576",
      "side": "sell",
      "size": "237.09",
      "symbol": "DOGEGOV-USDT",
      "takerOrderId": "6752d9a6ff2a9e0007dba926",
      "time": "1733482918223000000",
      "tradeId": "6051284398913576",
      "type": "match",
      "time_received": "11:01:58.2722"
    },
    {
      "makerOrderId": "6752d9a6ff2a9e0007dba926",
      "price": "0.36",
      "sequence": "6051284698413057",
      "side": "buy",
      "size": "5140.8",
      "symbol": "DOGEGOV-USDT",
      "takerOrderId": "6752d9a71e1c9e00071b5483",
      "time": "1733482919052000000",
      "tradeId": "6051284698413057",
      "type": "match",
      "time_received": "11:01:59.0917"
    },
    {
      "makerOrderId": "6752d9a6ff2a9e0007dba926",
      "price": "0.36",
      "sequence": "6051285188622337",
      "side": "buy",
      "size": "7.62",
      "symbol": "DOGEGOV-USDT",
      "takerOrderId": "6752d9a8ecb8b2000777496d",
      "time": "1733482920222000000",
      "tradeId": "6051285188622337",
      "type": "match",
      "time_received": "11:02:00.2651"
    },
    {
      "makerOrderId": "6752d9a6ff2a9e0007dba926",
      "price": "0.36",
      "sequence": "6051285403449345",
      "side": "buy",
      "size": "115.59",
      "symbol": "DOGEGOV-USDT",
      "takerOrderId": "6752d9a841bdfd00076840fd",
      "time": "1733482920726000000",
      "tradeId": "6051285403449345",
      "type": "match",
      "time_received": "11:02:00.7688"
    },
    {
      "makerOrderId": "6752d9548338b900070a8b01",
      "price": "0.356",
      "sequence": "6051285404104705",
      "side": "sell",
      "size": "177.82",
      "symbol": "DOGEGOV-USDT",
      "takerOrderId": "6752d9a8f517900007a4cbf0",
      "time": "1733482920728000000",
      "tradeId": "6051285404104705",
      "type": "match",
      "time_received": "11:02:00.7689"
    },
    {
      "makerOrderId": "6752d9a6ff2a9e0007dba926",
      "price": "0.36",
      "sequence": "6051285756295169",
      "side": "buy",
      "size": "75.62",
      "symbol": "DOGEGOV-USDT",
      "takerOrderId": "6752d9a9fe36bf0007ede710",
      "time": "1733482921582000000",
      "tradeId": "6051285756295169",
      "type": "match",
      "time_received": "11:02:01.6219"
    },
    {
      "makerOrderId": "6752d9a6ff2a9e0007dba926",
      "price": "0.36",
      "sequence": "6051286371416065",
      "side": "buy",
      "size": "9.14",
      "symbol": "DOGEGOV-USDT",
      "takerOrderId": "6752d9aaf517900007a4dd12",
      "time": "1733482922834000000",
      "tradeId": "6051286371416065",
      "type": "match",
      "time_received": "11:02:02.8866"
    },
    {
      "makerOrderId": "6752d9a6ff2a9e0007dba926",
      "price": "0.36",
      "sequence": "6051287012751361",
      "side": "buy",
      "size": "842.01",
      "symbol": "DOGEGOV-USDT",
      "takerOrderId": "6752d9ac2e6b3a00070910e6",
      "time": "1733482924342000000",
      "tradeId": "6051287012751361",
      "type": "match",
      "time_received": "11:02:04.3867"
    },
    {
      "makerOrderId": "6752d9a6ff2a9e0007dba926",
      "price": "0.36",
      "sequence": "6051287675320321",
      "side": "buy",
      "size": "5.55",
      "symbol": "DOGEGOV-USDT",
      "takerOrderId": "6752d9adfe36bf0007ee0963",
      "time": "1733482925767000000",
      "tradeId": "6051287675320321",
      "type": "match",
      "time_received": "11:02:05.8097"
    },
    {
      "makerOrderId": "6752d9a6ff2a9e0007dba926",
      "price": "0.36",
      "sequence": "6051287927502849",
      "side": "buy",
      "size": "35.67",
      "symbol": "DOGEGOV-USDT",
      "takerOrderId": "6752d9aefd061e0007691ed5",
      "time": "1733482926353000000",
      "tradeId": "6051287927502849",
      "type": "match",
      "time_received": "11:02:06.3939"
    },
    {
      "makerOrderId": "6752d9a6ff2a9e0007dba926",
      "price": "0.36",
      "sequence": "6051288502908929",
      "side": "buy",
      "size": "163.88",
      "symbol": "DOGEGOV-USDT",
      "takerOrderId": "6752d9afb1d2ab0007544f2d",
      "time": "1733482927732000000",
      "tradeId": "6051288502908929",
      "type": "match",
      "time_received": "11:02:07.7795"
    },
    {
      "makerOrderId": "6752d9a6ff2a9e0007dba926",
      "price": "0.36",
      "sequence": "6051288539215873",
      "side": "buy",
      "size": "68.45",
      "symbol": "DOGEGOV-USDT",
      "takerOrderId": "6752d9af41bdfd000768772f",
      "time": "1733482927777000000",
      "tradeId": "6051288539215873",
      "type": "match",
      "time_received": "11:02:07.8205"
    },
    {
      "makerOrderId": "6752d9548338b900070a8b01",
      "price": "0.356",
      "sequence": "6051288866371585",
      "side": "sell",
      "size": "45.28",
      "symbol": "DOGEGOV-USDT",
      "takerOrderId": "6752d9b01ed0d80007bf4ba5",
      "time": "1733482928289000000",
      "tradeId": "6051288866371585",
      "type": "match",
      "time_received": "11:02:08.3346"
    },
    {
      "makerOrderId": "6752d9a21e1c9e00071b37ba",
      "price": "0.356",
      "sequence": "6051288866371588",
      "side": "sell",
      "size": "40.54",
      "symbol": "DOGEGOV-USDT",
      "takerOrderId": "6752d9b01ed0d80007bf4ba5",
      "time": "1733482928289000000",
      "tradeId": "6051288866371588",
      "type": "match",
      "time_received": "11:02:08.3347"
    },
    {
      "makerOrderId": "6752d968ff2a9e0007d9bda7",
      "price": "0.35",
      "sequence": "6051288866371591",
      "side": "sell",
      "size": "136.94",
      "symbol": "DOGEGOV-USDT",
      "takerOrderId": "6752d9b01ed0d80007bf4ba5",
      "time": "1733482928289000000",
      "tradeId": "6051288866371591",
      "type": "match",
      "time_received": "11:02:08.3350"
    },
    {
      "makerOrderId": "6752d98ae775000007e0c5e0",
      "price": "0.35",
      "sequence": "6051288866371594",
      "side": "sell",
      "size": "1",
      "symbol": "DOGEGOV-USDT",
      "takerOrderId": "6752d9b01ed0d80007bf4ba5",
      "time": "1733482928289000000",
      "tradeId": "6051288866371594",
      "type": "match",
      "time_received": "11:02:08.3350"
    },
    {
      "makerOrderId": "6752d99e1ed0d80007bec48e",
      "price": "0.35",
      "sequence": "6051288866371597",
      "side": "sell",
      "size": "128.2",
      "symbol": "DOGEGOV-USDT",
      "takerOrderId": "6752d9b01ed0d80007bf4ba5",
      "time": "1733482928289000000",
      "tradeId": "6051288866371597",
      "type": "match",
      "time_received": "11:02:08.3351"
    },
    {
      "makerOrderId": "6752d9a0e775000007e18914",
      "price": "0.35",
      "sequence": "6051288866371600",
      "side": "sell",
      "size": "492.17",
      "symbol": "DOGEGOV-USDT",
      "takerOrderId": "6752d9b01ed0d80007bf4ba5",
      "time": "1733482928289000000",
      "tradeId": "6051288866371600",
      "type": "match",
      "time_received": "11:02:08.3351"
    },
    {
      "makerOrderId": "6752d9ade775000007e1e560",
      "price": "0.35",
      "sequence": "6051288866371603",
      "side": "sell",
      "size": "2354.16",
      "symbol": "DOGEGOV-USDT",
      "takerOrderId": "6752d9b01ed0d80007bf4ba5",
      "time": "1733482928289000000",
      "tradeId": "6051288866371603",
      "type": "match",
      "time_received": "11:02:08.3351"
    },
    {
      "makerOrderId": "6752d9ad41bdfd000768632f",
      "price": "0.35",
      "sequence": "6051288866371606",
      "side": "sell",
      "size": "150.97",
      "symbol": "DOGEGOV-USDT",
      "takerOrderId": "6752d9b01ed0d80007bf4ba5",
      "time": "1733482928289000000",
      "tradeId": "6051288866371606",
      "type": "match",
      "time_received": "11:02:08.3351"
    },
    {
      "makerOrderId": "6752d9afb1d2ab0007544e64",
      "price": "0.35",
      "sequence": "6051288866371609",
      "side": "sell",
      "size": "75.26",
      "symbol": "DOGEGOV-USDT",
      "takerOrderId": "6752d9b01ed0d80007bf4ba5",
      "time": "1733482928289000000",
      "tradeId": "6051288866371609",
      "type": "match",
      "time_received": "11:02:08.3353"
    },
    {
      "makerOrderId": "6752d9b01ed0d80007bf4ba5",
      "price": "0.35",
      "sequence": "6051289564329985",
      "side": "buy",
      "size": "29.98",
      "symbol": "DOGEGOV-USDT",
      "takerOrderId": "6752d9b23ecf4300072c8434",
      "time": "1733482930070000000",
      "tradeId": "6051289564329985",
      "type": "match",
      "time_received": "11:02:10.1222"
    },
    {
      "makerOrderId": "6752d9b01ed0d80007bf4ba5",
      "price": "0.35",
      "sequence": "6051290506868737",
      "side": "buy",
      "size": "5.09",
      "symbol": "DOGEGOV-USDT",
      "takerOrderId": "6752d9b3fd061e0007694f90",
      "time": "1733482931865000000",
      "tradeId": "6051290506868737",
      "type": "match",
      "time_received": "11:02:11.9101"
    },
    {
      "makerOrderId": "6752d9b01ed0d80007bf4ba5",
      "price": "0.35",
      "sequence": "6051291162097665",
      "side": "buy",
      "size": "10.81",
      "symbol": "DOGEGOV-USDT",
      "takerOrderId": "6752d9b5ff2a9e0007dc2102",
      "time": "1733482933405000000",
      "tradeId": "6051291162097665",
      "type": "match",
      "time_received": "11:02:13.4595"
    },
    {
      "makerOrderId": "6752d9b01ed0d80007bf4ba5",
      "price": "0.35",
      "sequence": "6051291381905409",
      "side": "buy",
      "size": "1388.88",
      "symbol": "DOGEGOV-USDT",
      "takerOrderId": "6752d9b541bdfd000768ada3",
      "time": "1733482933950000000",
      "tradeId": "6051291381905409",
      "type": "match",
      "time_received": "11:02:13.9929"
    },
    {
      "makerOrderId": "6752d96641bdfd00076637aa",
      "price": "0.3456",
      "sequence": "6051292031629313",
      "side": "sell",
      "size": "36.78",
      "symbol": "DOGEGOV-USDT",
      "takerOrderId": "6752d9b6fd061e0007696ef2",
      "time": "1733482934933000000",
      "tradeId": "6051292031629313",
      "type": "match",
      "time_received": "11:02:14.9766"
    },
    {
      "makerOrderId": "6752d96641bdfd00076637aa",
      "price": "0.3456",
      "sequence": "6051293178509313",
      "side": "sell",
      "size": "77.78",
      "symbol": "DOGEGOV-USDT",
      "takerOrderId": "6752d9b92e6b3a0007098817",
      "time": "1733482937342000000",
      "tradeId": "6051293178509313",
      "type": "match",
      "time_received": "11:02:17.3821"
    },
    {
      "makerOrderId": "6752d9b92e6b3a0007098817",
      "price": "0.3456",
      "sequence": "6051293365942273",
      "side": "buy",
      "size": "270.11",
      "symbol": "DOGEGOV-USDT",
      "takerOrderId": "6752d9b9fe36bf0007ee7785",
      "time": "1733482937863000000",
      "tradeId": "6051293365942273",
      "type": "match",
      "time_received": "11:02:17.9037"
    },
    {
      "makerOrderId": "6752d9aa1e1c9e00071b6f12",
      "price": "0.341",
      "sequence": "6051295007881217",
      "side": "sell",
      "size": "48.79",
      "symbol": "DOGEGOV-USDT",
      "takerOrderId": "6752d9bdb1d2ab000754d13d",
      "time": "1733482941523000000",
      "tradeId": "6051295007881217",
      "type": "match",
      "time_received": "11:02:21.5635"
    },
    {
      "makerOrderId": "6752d9acfe36bf0007edfc95",
      "price": "0.3405",
      "sequence": "6051295007881220",
      "side": "sell",
      "size": "25.84",
      "symbol": "DOGEGOV-USDT",
      "takerOrderId": "6752d9bdb1d2ab000754d13d",
      "time": "1733482941523000000",
      "tradeId": "6051295007881220",
      "type": "match",
      "time_received": "11:02:21.5635"
    },
    {
      "makerOrderId": "6752d97bfe36bf0007ec7735",
      "price": "0.34",
      "sequence": "6051295007881223",
      "side": "sell",
      "size": "100",
      "symbol": "DOGEGOV-USDT",
      "takerOrderId": "6752d9bdb1d2ab000754d13d",
      "time": "1733482941523000000",
      "tradeId": "6051295007881223",
      "type": "match",
      "time_received": "11:02:21.5636"
    },
    {
      "makerOrderId": "6752d93cb1d2ab00075099e0",
      "price": "0.33",
      "sequence": "6051295007881226",
      "side": "sell",
      "size": "86",
      "symbol": "DOGEGOV-USDT",
      "takerOrderId": "6752d9bdb1d2ab000754d13d",
      "time": "1733482941523000000",
      "tradeId": "6051295007881226",
      "type": "match",
      "time_received": "11:02:21.5638"
    },
    {
      "makerOrderId": "6752d93cfd061e00076575c3",
      "price": "0.33",
      "sequence": "6051295007881229",
      "side": "sell",
      "size": "358.41",
      "symbol": "DOGEGOV-USDT",
      "takerOrderId": "6752d9bdb1d2ab000754d13d",
      "time": "1733482941523000000",
      "tradeId": "6051295007881229",
      "type": "match",
      "time_received": "11:02:21.5639"
    },
    {
      "makerOrderId": "6752d93ef517900007a15a73",
      "price": "0.33",
      "sequence": "6051295007881232",
      "side": "sell",
      "size": "153.92",
      "symbol": "DOGEGOV-USDT",
      "takerOrderId": "6752d9bdb1d2ab000754d13d",
      "time": "1733482941523000000",
      "tradeId": "6051295007881232",
      "type": "match",
      "time_received": "11:02:21.5640"
    },
    {
      "makerOrderId": "6752d93f1e1c9e000717f11e",
      "price": "0.33",
      "sequence": "6051295007881235",
      "side": "sell",
      "size": "62.77",
      "symbol": "DOGEGOV-USDT",
      "takerOrderId": "6752d9bdb1d2ab000754d13d",
      "time": "1733482941523000000",
      "tradeId": "6051295007881235",
      "type": "match",
      "time_received": "11:02:21.5640"
    },
    {
      "makerOrderId": "6752d9412e6b3a00070593e2",
      "price": "0.33",
      "sequence": "6051295007881238",
      "side": "sell",
      "size": "393.82",
      "symbol": "DOGEGOV-USDT",
      "takerOrderId": "6752d9bdb1d2ab000754d13d",
      "time": "1733482941523000000",
      "tradeId": "6051295007881238",
      "type": "match",
      "time_received": "11:02:21.5641"
    },
    {
      "makerOrderId": "6752d9421e1c9e000718030e",
      "price": "0.33",
      "sequence": "6051295007881241",
      "side": "sell",
      "size": "644.3",
      "symbol": "DOGEGOV-USDT",
      "takerOrderId": "6752d9bdb1d2ab000754d13d",
      "time": "1733482941523000000",
      "tradeId": "6051295007881241",
      "type": "match",
      "time_received": "11:02:21.5641"
    },
    {
      "makerOrderId": "6752d943716ab30007b71925",
      "price": "0.33",
      "sequence": "6051295007881244",
      "side": "sell",
      "size": "151.51",
      "symbol": "DOGEGOV-USDT",
      "takerOrderId": "6752d9bdb1d2ab000754d13d",
      "time": "1733482941523000000",
      "tradeId": "6051295007881244",
      "type": "match",
      "time_received": "11:02:21.5643"
    },
    {
      "makerOrderId": "6752d943fd061e0007659e2c",
      "price": "0.33",
      "sequence": "6051295007881247",
      "side": "sell",
      "size": "303.58",
      "symbol": "DOGEGOV-USDT",
      "takerOrderId": "6752d9bdb1d2ab000754d13d",
      "time": "1733482941523000000",
      "tradeId": "6051295007881247",
      "type": "match",
      "time_received": "11:02:21.5648"
    },
    {
      "makerOrderId": "6752d94741bdfd000765045f",
      "price": "0.33",
      "sequence": "6051295007881250",
      "side": "sell",
      "size": "248.12",
      "symbol": "DOGEGOV-USDT",
      "takerOrderId": "6752d9bdb1d2ab000754d13d",
      "time": "1733482941523000000",
      "tradeId": "6051295007881250",
      "type": "match",
      "time_received": "11:02:21.5649"
    },
    {
      "makerOrderId": "6752d94cb1d2ab000750fb4c",
      "price": "0.33",
      "sequence": "6051295007881253",
      "side": "sell",
      "size": "40.45",
      "symbol": "DOGEGOV-USDT",
      "takerOrderId": "6752d9bdb1d2ab000754d13d",
      "time": "1733482941523000000",
      "tradeId": "6051295007881253",
      "type": "match",
      "time_received": "11:02:21.5649"
    },
    {
      "makerOrderId": "6752d94dfd061e000765e58a",
      "price": "0.33",
      "sequence": "6051295007881256",
      "side": "sell",
      "size": "340.09",
      "symbol": "DOGEGOV-USDT",
