{
  "metadata": {
    "symbol": "SYRUP",
    "channel": "match",
    "start_time": "10:59:30.0000",
    "release_time": "11:00:00.0000",
    "end_time": "11:05:00.0000",
    "total_messages": 145,
    "final_snapshot": {
      "time": "11:05:00.6440",
      "symbol": "SYRUP-USDT",
      "price_high": "0.218",
      "price_last": "0.215",
      "price_low": "0.17",
      "price_avg": null,
      "volValue_USDT": "15691.125109"
    }
  },
  "data": [
    {
      "price": "0.17",
      "sequence": "5706472003352577",
      "side": "sell",
      "size": "2",
      "symbol": "SYRUP-USDT",
      "time": "1732618800000000000",
      "tradeId": "5706472003352577",
      "type": "match",
      "time_received": "11:00:00.2077"
    },
    {
      "makerOrderId": "6745aa09b7e21a00075e388d",
      "price": "0.2179",
      "sequence": "5706472020391937",
      "side": "buy",
      "size": "100",
      "symbol": "SYRUP-USDT",
      "takerOrderId": "6745aa3031d09500072662f9",
      "time": "1732618800205000000",
      "tradeId": "5706472020391937",
      "type": "match",
      "time_received": "11:00:00.2422"
    },
    {
      "makerOrderId": "6745aa09b7e21a00075e388d",
      "price": "0.2179",
      "sequence": "5706472024324097",
      "side": "buy",
      "size": "41",
      "symbol": "SYRUP-USDT",
      "takerOrderId": "6745aa304fe7460007f62ee3",
      "time": "1732618800214000000",
      "tradeId": "5706472024324097",
      "type": "match",
      "time_received": "11:00:00.2526"
    },
    {
      "makerOrderId": "6745aa09b7e21a00075e388d",
      "price": "0.2179",
      "sequence": "5706472031008769",
      "side": "buy",
      "size": "20",
      "symbol": "SYRUP-USDT",
      "takerOrderId": "6745aa30f4f1200007b3f73c",
      "time": "1732618800227000000",
      "tradeId": "5706472031008769",
      "type": "match",
      "time_received": "11:00:00.2637"
    },
    {
      "makerOrderId": "6745aa09b7e21a00075e388d",
      "price": "0.2179",
      "sequence": "5706472041101313",
      "side": "buy",
      "size": "230",
      "symbol": "SYRUP-USDT",
      "takerOrderId": "6745aa30088f010007a3d002",
      "time": "1732618800246000000",
      "tradeId": "5706472041101313",
      "type": "match",
      "time_received": "11:00:00.2850"
    },
    {
      "makerOrderId": "6745aa09b7e21a00075e388d",
      "price": "0.2179",
      "sequence": "5706472047654913",
      "side": "buy",
      "size": "140",
      "symbol": "SYRUP-USDT",
      "takerOrderId": "6745aa30b7e21a00075f310a",
      "time": "1732618800263000000",
      "tradeId": "5706472047654913",
      "type": "match",
      "time_received": "11:00:00.3022"
    },
    {
      "makerOrderId": "6745aa09b7e21a00075e388d",
      "price": "0.2179",
      "sequence": "5706472048179201",
      "side": "buy",
      "size": "210",
      "symbol": "SYRUP-USDT",
      "takerOrderId": "6745aa30f4a7c5000795df11",
      "time": "1732618800264000000",
      "tradeId": "5706472048179201",
      "type": "match",
      "time_received": "11:00:00.3023"
    },
    {
      "makerOrderId": "6745aa09b7e21a00075e388d",
      "price": "0.2179",
      "sequence": "5706472050407425",
      "side": "buy",
      "size": "100",
      "symbol": "SYRUP-USDT",
      "takerOrderId": "6745aa30c65bf700072e487d",
      "time": "1732618800270000000",
      "tradeId": "5706472050407425",
      "type": "match",
      "time_received": "11:00:00.3088"
    },
    {
      "makerOrderId": "6745aa09b7e21a00075e388d",
      "price": "0.2179",
      "sequence": "5706472094316545",
      "side": "buy",
      "size": "100",
      "symbol": "SYRUP-USDT",
      "takerOrderId": "6745aa30f4f1200007b3f8a9",
      "time": "1732618800352000000",
      "tradeId": "5706472094316545",
      "type": "match",
      "time_received": "11:00:00.3932"
    },
    {
      "makerOrderId": "6745aa09b7e21a00075e388d",
      "price": "0.2179",
      "sequence": "5706472094578689",
      "side": "buy",
      "size": "4.5",
      "symbol": "SYRUP-USDT",
      "takerOrderId": "6745aa30cf286a00073a4cc9",
      "time": "1732618800352000000",
      "tradeId": "5706472094578689",
      "type": "match",
      "time_received": "11:00:00.3935"
    },
    {
      "makerOrderId": "6745aa09b7e21a00075e388d",
      "price": "0.2179",
      "sequence": "5706472096937985",
      "side": "buy",
      "size": "47.97",
      "symbol": "SYRUP-USDT",
      "takerOrderId": "6745aa301586c1000799fc7e",
      "time": "1732618800356000000",
      "tradeId": "5706472096937985",
      "type": "match",
      "time_received": "11:00:00.3935"
    },
    {
      "makerOrderId": "6745a9b8c65bf700072ad791",
      "price": "0.218",
      "sequence": "5706472096937988",
      "side": "buy",
      "size": "52.03",
      "symbol": "SYRUP-USDT",
      "takerOrderId": "6745aa301586c1000799fc7e",
      "time": "1732618800356000000",
      "tradeId": "5706472096937988",
      "type": "match",
      "time_received": "11:00:00.3936"
    },
    {
      "makerOrderId": "6745a9b8c65bf700072ad791",
      "price": "0.218",
      "sequence": "5706472532097025",
      "side": "buy",
      "size": "62.5",
      "symbol": "SYRUP-USDT",
      "takerOrderId": "6745aa3168486d0007856a4d",
      "time": "1732618801200000000",
      "tradeId": "5706472532097025",
      "type": "match",
      "time_received": "11:00:01.2411"
    },
    {
      "makerOrderId": "6745aa33c65bf700072e719b",
      "price": "0.2172",
      "sequence": "5706474135631873",
      "side": "buy",
      "size": "460.51",
      "symbol": "SYRUP-USDT",
      "takerOrderId": "6745aa3437061e0007401040",
      "time": "1732618804130000000",
      "tradeId": "5706474135631873",
      "type": "match",
      "time_received": "11:00:04.1719"
    },
    {
      "makerOrderId": "6745aa33ae93cc0007c464fe",
      "price": "0.2178",
      "sequence": "5706474135631876",
      "side": "buy",
      "size": "253.43",
      "symbol": "SYRUP-USDT",
      "takerOrderId": "6745aa3437061e0007401040",
      "time": "1732618804130000000",
      "tradeId": "5706474135631876",
      "type": "match",
      "time_received": "11:00:04.1720"
    },
    {
      "makerOrderId": "6745aa34088f010007a4029b",
      "price": "0.2172",
      "sequence": "5706474891786241",
      "side": "buy",
      "size": "460.51",
      "symbol": "SYRUP-USDT",
      "takerOrderId": "6745aa3537061e0007402285",
      "time": "1732618805174000000",
      "tradeId": "5706474891786241",
      "type": "match",
      "time_received": "11:00:05.2122"
    },
    {
      "makerOrderId": "6745aa33ae93cc0007c464fe",
      "price": "0.2178",
      "sequence": "5706474891786244",
      "side": "buy",
      "size": "205.71",
      "symbol": "SYRUP-USDT",
      "takerOrderId": "6745aa3537061e0007402285",
      "time": "1732618805174000000",
      "tradeId": "5706474891786244",
      "type": "match",
      "time_received": "11:00:05.2124"
    },
    {
      "makerOrderId": "6745a9b8c65bf700072ad791",
      "price": "0.218",
      "sequence": "5706474891786247",
      "side": "buy",
      "size": "36.24",
      "symbol": "SYRUP-USDT",
      "takerOrderId": "6745aa3537061e0007402285",
      "time": "1732618805174000000",
      "tradeId": "5706474891786247",
      "type": "match",
      "time_received": "11:00:05.2125"
    },
    {
      "makerOrderId": "6745aa3bd52cb80007f98322",
      "price": "0.2172",
      "sequence": "5706477691746305",
      "side": "buy",
      "size": "201.9",
      "symbol": "SYRUP-USDT",
      "takerOrderId": "6745aa3bf4a7c50007966257",
      "time": "1732618811932000000",
      "tradeId": "5706477691746305",
      "type": "match",
      "time_received": "11:00:11.9682"
    },
    {
      "makerOrderId": "6745aa3bd52cb80007f98322",
      "price": "0.2172",
      "sequence": "5706478524315649",
      "side": "buy",
      "size": "204.77",
      "symbol": "SYRUP-USDT",
      "takerOrderId": "6745aa3d1586c100079a8fa6",
      "time": "1732618813988000000",
      "tradeId": "5706478524315649",
      "type": "match",
      "time_received": "11:00:14.0272"
    },
    {
      "makerOrderId": "6745aa3bd52cb80007f98322",
      "price": "0.2172",
      "sequence": "5706478569011201",
      "side": "buy",
      "size": "53.84",
      "symbol": "SYRUP-USDT",
      "takerOrderId": "6745aa3e1586c100079a90ef",
      "time": "1732618814115000000",
      "tradeId": "5706478569011201",
      "type": "match",
      "time_received": "11:00:14.1541"
    },
    {
      "makerOrderId": "6745aa3bf1bf400007907d31",
      "price": "0.2178",
      "sequence": "5706478569011204",
      "side": "buy",
      "size": "11.07",
      "symbol": "SYRUP-USDT",
      "takerOrderId": "6745aa3e1586c100079a90ef",
      "time": "1732618814115000000",
      "tradeId": "5706478569011204",
      "type": "match",
      "time_received": "11:00:14.1542"
    },
    {
      "makerOrderId": "6745aa3ef15b2700079c8520",
      "price": "0.2172",
      "sequence": "5706479253338113",
      "side": "buy",
      "size": "93.11",
      "symbol": "SYRUP-USDT",
      "takerOrderId": "6745aa3f088f010007a473d9",
      "time": "1732618815282000000",
      "tradeId": "5706479253338113",
      "type": "match",
      "time_received": "11:00:15.3231"
    },
    {
      "makerOrderId": "6745aa40088f010007a48024",
      "price": "0.2172",
      "sequence": "5706480210950145",
      "side": "buy",
      "size": "62.27",
      "symbol": "SYRUP-USDT",
      "takerOrderId": "6745aa41d52cb80007f9bcdb",
      "time": "1732618817108000000",
      "tradeId": "5706480210950145",
      "type": "match",
      "time_received": "11:00:17.1488"
    },
    {
      "makerOrderId": "6745aa40088f010007a48024",
      "price": "0.2172",
      "sequence": "5706480512546817",
      "side": "buy",
      "size": "398.24",
      "symbol": "SYRUP-USDT",
      "takerOrderId": "6745aa41cf286a00073b0d1e",
      "time": "1732618817809000000",
      "tradeId": "5706480512546817",
      "type": "match",
      "time_received": "11:00:17.8498"
    },
    {
      "makerOrderId": "6745aa40df6f6e00077038fc",
      "price": "0.2178",
      "sequence": "5706480512546820",
      "side": "buy",
      "size": "459.14",
      "symbol": "SYRUP-USDT",
      "takerOrderId": "6745aa41cf286a00073b0d1e",
      "time": "1732618817809000000",
      "tradeId": "5706480512546820",
      "type": "match",
      "time_received": "11:00:17.8499"
    },
    {
      "makerOrderId": "6745a9b8c65bf700072ad791",
      "price": "0.218",
      "sequence": "5706480512546823",
      "side": "buy",
      "size": "228.58",
      "symbol": "SYRUP-USDT",
      "takerOrderId": "6745aa41cf286a00073b0d1e",
      "time": "1732618817809000000",
      "tradeId": "5706480512546823",
      "type": "match",
      "time_received": "11:00:17.8501"
    },
    {
      "makerOrderId": "6745aa4567cdc90007481df8",
      "price": "0.2174",
      "sequence": "5706482135611393",
      "side": "buy",
      "size": "131.65",
      "symbol": "SYRUP-USDT",
      "takerOrderId": "6745aa45c65bf700072f2d32",
      "time": "1732618821552000000",
      "tradeId": "5706482135611393",
      "type": "match",
      "time_received": "11:00:21.5935"
    },
    {
      "makerOrderId": "6745aa4737061e000740d263",
      "price": "0.2174",
      "sequence": "5706483257849857",
      "side": "buy",
      "size": "46.61",
      "symbol": "SYRUP-USDT",
      "takerOrderId": "6745aa48cf286a00073b49a4",
      "time": "1732618824104000000",
      "tradeId": "5706483257849857",
      "type": "match",
      "time_received": "11:00:24.1391"
    },
    {
      "makerOrderId": "6745aa484fe7460007f731fb",
      "price": "0.2176",
      "sequence": "5706483418544129",
      "side": "buy",
      "size": "8.83",
      "symbol": "SYRUP-USDT",
      "takerOrderId": "6745aa48f15b2700079cef24",
      "time": "1732618824592000000",
      "tradeId": "5706483418544129",
      "type": "match",
      "time_received": "11:00:24.6313"
    },
    {
      "makerOrderId": "6745aa4968486d000786680a",
      "price": "0.2174",
      "sequence": "5706484379432961",
      "side": "buy",
      "size": "176.76",
      "symbol": "SYRUP-USDT",
      "takerOrderId": "6745aa4a31d0950007277880",
      "time": "1732618826561000000",
      "tradeId": "5706484379432961",
      "type": "match",
      "time_received": "11:00:26.6005"
    },
    {
      "makerOrderId": "6745aa3068486d0007855ac8",
      "price": "0.217",
      "sequence": "5706484762163201",
      "side": "sell",
      "size": "500",
      "symbol": "SYRUP-USDT",
      "takerOrderId": "6745aa4bf4a7c5000796fb44",
      "time": "1732618827548000000",
      "tradeId": "5706484762163201",
      "type": "match",
      "time_received": "11:00:27.5881"
    },
    {
      "makerOrderId": "6745aa316967d30007ff384e",
      "price": "0.217",
      "sequence": "5706484762163204",
      "side": "sell",
      "size": "229.89",
      "symbol": "SYRUP-USDT",
      "takerOrderId": "6745aa4bf4a7c5000796fb44",
      "time": "1732618827548000000",
      "tradeId": "5706484762163204",
      "type": "match",
      "time_received": "11:00:27.5886"
    },
    {
      "makerOrderId": "6745aa346967d30007ff5a27",
      "price": "0.217",
      "sequence": "5706484762163207",
      "side": "sell",
      "size": "138.19",
      "symbol": "SYRUP-USDT",
      "takerOrderId": "6745aa4bf4a7c5000796fb44",
      "time": "1732618827548000000",
      "tradeId": "5706484762163207",
      "type": "match",
      "time_received": "11:00:27.5887"
    },
    {
      "makerOrderId": "6745aa34ae93cc0007c46d33",
      "price": "0.217",
      "sequence": "5706484762163210",
      "side": "sell",
      "size": "115.28",
      "symbol": "SYRUP-USDT",
      "takerOrderId": "6745aa4bf4a7c5000796fb44",
      "time": "1732618827548000000",
      "tradeId": "5706484762163210",
      "type": "match",
      "time_received": "11:00:27.5887"
    },
    {
      "makerOrderId": "6745aa4fdf6f6e000770c327",
      "price": "0.2174",
      "sequence": "5706487026956289",
      "side": "buy",
      "size": "4.28",
      "symbol": "SYRUP-USDT",
      "takerOrderId": "6745aa504fe7460007f779db",
      "time": "1732618833016000000",
      "tradeId": "5706487026956289",
      "type": "match",
      "time_received": "11:00:33.0556"
    },
    {
      "makerOrderId": "6745aa526967d30007007ba8",
      "price": "0.217",
      "sequence": "5706488263620609",
      "side": "buy",
      "size": "22.84",
      "symbol": "SYRUP-USDT",
      "takerOrderId": "6745aa536967d300070089c3",
      "time": "1732618835459000000",
      "tradeId": "5706488263620609",
      "type": "match",
      "time_received": "11:00:35.4964"
    },
    {
      "makerOrderId": "6745aa520d855300071b9007",
      "price": "0.2174",
      "sequence": "5706488263620612",
      "side": "buy",
      "size": "229.89",
      "symbol": "SYRUP-USDT",
      "takerOrderId": "6745aa536967d300070089c3",
      "time": "1732618835459000000",
      "tradeId": "5706488263620612",
      "type": "match",
      "time_received": "11:00:35.4965"
    },
    {
      "makerOrderId": "6745aa52b7e21a00076081f2",
      "price": "0.2174",
      "sequence": "5706488263620615",
      "side": "buy",
      "size": "460.19",
      "symbol": "SYRUP-USDT",
      "takerOrderId": "6745aa536967d300070089c3",
      "time": "1732618835459000000",
      "tradeId": "5706488263620615",
      "type": "match",
      "time_received": "11:00:35.5015"
    },
    {
      "makerOrderId": "6745aa524fe7460007f783ba",
      "price": "0.2174",
      "sequence": "5706488263620618",
      "side": "buy",
      "size": "138.19",
      "symbol": "SYRUP-USDT",
      "takerOrderId": "6745aa536967d300070089c3",
      "time": "1732618835459000000",
      "tradeId": "5706488263620618",
      "type": "match",
      "time_received": "11:00:35.5016"
    },
    {
      "makerOrderId": "6745aa52f4f1200007b548d3",
      "price": "0.2174",
      "sequence": "5706488263620621",
      "side": "buy",
      "size": "115.28",
      "symbol": "SYRUP-USDT",
      "takerOrderId": "6745aa536967d300070089c3",
      "time": "1732618835459000000",
      "tradeId": "5706488263620621",
      "type": "match",
      "time_received": "11:00:35.5017"
    },
    {
      "makerOrderId": "6745aa4d68486d00078687b2",
      "price": "0.2175",
      "sequence": "5706488263620624",
      "side": "buy",
      "size": "4564.24",
      "symbol": "SYRUP-USDT",
      "takerOrderId": "6745aa536967d300070089c3",
      "time": "1732618835459000000",
      "tradeId": "5706488263620624",
      "type": "match",
      "time_received": "11:00:35.5019"
    },
    {
      "makerOrderId": "6745aa42d52cb80007f9c6dd",
      "price": "0.218",
      "sequence": "5706488263620627",
      "side": "buy",
      "size": "620.65",
      "symbol": "SYRUP-USDT",
      "takerOrderId": "6745aa536967d300070089c3",
      "time": "1732618835459000000",
      "tradeId": "5706488263620627",
      "type": "match",
      "time_received": "11:00:35.5019"
    },
    {
      "makerOrderId": "6745aa4db7e21a0007605cc0",
      "price": "0.218",
      "sequence": "5706488263620630",
      "side": "buy",
      "size": "414.36",
      "symbol": "SYRUP-USDT",
      "takerOrderId": "6745aa536967d300070089c3",
      "time": "1732618835459000000",
      "tradeId": "5706488263620630",
      "type": "match",
      "time_received": "11:00:35.5020"
    },
    {
      "makerOrderId": "6745aa56088f010007a5518a",
      "price": "0.2174",
      "sequence": "5706490001897473",
      "side": "buy",
      "size": "378.73",
      "symbol": "SYRUP-USDT",
      "takerOrderId": "6745aa57f4a7c5000797642c",
      "time": "1732618839176000000",
      "tradeId": "5706490001897473",
      "type": "match",
      "time_received": "11:00:39.2157"
    },
    {
      "makerOrderId": "6745aa57c65bf700072fcc05",
      "price": "0.2176",
      "sequence": "5706490123663361",
      "side": "buy",
      "size": "129.91",
      "symbol": "SYRUP-USDT",
      "takerOrderId": "6745aa57088f010007a5552e",
      "time": "1732618839567000000",
      "tradeId": "5706490123663361",
      "type": "match",
      "time_received": "11:00:39.6062"
    },
    {
      "makerOrderId": "6745aa581586c100079b8952",
      "price": "0.2174",
      "sequence": "5706490514651137",
      "side": "buy",
      "size": "59.71",
      "symbol": "SYRUP-USDT",
      "takerOrderId": "6745aa5867cdc9000748cadc",
      "time": "1732618840697000000",
      "tradeId": "5706490514651137",
      "type": "match",
      "time_received": "11:00:40.7354"
    },
    {
      "makerOrderId": "6745aa581586c100079b8952",
      "price": "0.2174",
      "sequence": "5706490876278785",
      "side": "buy",
      "size": "13.34",
      "symbol": "SYRUP-USDT",
      "takerOrderId": "6745aa5967cdc9000748d1cf",
      "time": "1732618841549000000",
      "tradeId": "5706490876278785",
      "type": "match",
      "time_received": "11:00:41.5874"
    },
    {
      "makerOrderId": "6745aa5af1bf40000791991f",
      "price": "0.216",
      "sequence": "5706491569256449",
      "side": "sell",
      "size": "230.73",
      "symbol": "SYRUP-USDT",
      "takerOrderId": "6745aa5bf15b2700079d8f21",
      "time": "1732618843439000000",
      "tradeId": "5706491569256449",
      "type": "match",
      "time_received": "11:00:43.4767"
    },
    {
      "makerOrderId": "6745aa5af15b2700079d8a14",
      "price": "0.216",
      "sequence": "5706491569256452",
      "side": "sell",
      "size": "138.44",
      "symbol": "SYRUP-USDT",
      "takerOrderId": "6745aa5bf15b2700079d8f21",
      "time": "1732618843439000000",
      "tradeId": "5706491569256452",
      "type": "match",
      "time_received": "11:00:43.4768"
    },
    {
      "makerOrderId": "6745aa5ac65bf700072fe424",
      "price": "0.216",
      "sequence": "5706491569256455",
      "side": "sell",
      "size": "138.44",
      "symbol": "SYRUP-USDT",
      "takerOrderId": "6745aa5bf15b2700079d8f21",
      "time": "1732618843439000000",
      "tradeId": "5706491569256455",
      "type": "match",
      "time_received": "11:00:43.4768"
    },
    {
      "makerOrderId": "6745aa5bf15b2700079d8f21",
      "price": "0.216",
      "sequence": "5706492736321537",
      "side": "buy",
      "size": "1400",
      "symbol": "SYRUP-USDT",
      "takerOrderId": "6745aa5e0d855300071bf6b6",
      "time": "1732618846460000000",
      "tradeId": "5706492736321537",
      "type": "match",
      "time_received": "11:00:46.4985"
    },
    {
      "makerOrderId": "6745aa090d8553000719454b",
      "price": "0.2159",
      "sequence": "5706492902914049",
      "side": "sell",
      "size": "992.63",
      "symbol": "SYRUP-USDT",
      "takerOrderId": "6745aa5e67cdc9000748f82d",
      "time": "1732618846845000000",
      "tradeId": "5706492902914049",
      "type": "match",
      "time_received": "11:00:46.8844"
    },
    {
      "makerOrderId": "6745aa5e67cdc9000748f82d",
      "price": "0.2159",
      "sequence": "5706493167548417",
      "side": "buy",
      "size": "4.25",
      "symbol": "SYRUP-USDT",
      "takerOrderId": "6745aa5fae93cc0007c5fd18",
      "time": "1732618847536000000",
      "tradeId": "5706493167548417",
      "type": "match",
      "time_received": "11:00:47.5745"
    },
    {
      "makerOrderId": "6745aa5e67cdc9000748f82d",
      "price": "0.2159",
      "sequence": "5706495277021185",
      "side": "buy",
      "size": "2.1",
      "symbol": "SYRUP-USDT",
      "takerOrderId": "6745aa64df6f6e00077176f5",
      "time": "1732618852810000000",
      "tradeId": "5706495277021185",
      "type": "match",
      "time_received": "11:00:52.8496"
    },
    {
      "makerOrderId": "6745aa5e67cdc9000748f82d",
      "price": "0.2159",
      "sequence": "5706496145373185",
      "side": "buy",
      "size": "5.55",
      "symbol": "SYRUP-USDT",
      "takerOrderId": "6745aa66088f010007a5d268",
      "time": "1732618854668000000",
      "tradeId": "5706496145373185",
      "type": "match",
      "time_received": "11:00:54.7073"
    },
    {
      "makerOrderId": "6745aa5e67cdc9000748f82d",
      "price": "0.2159",
      "sequence": "5706497395537921",
      "side": "buy",
      "size": "23.15",
      "symbol": "SYRUP-USDT",
      "takerOrderId": "6745aa6931d0950007287fb6",
      "time": "1732618857512000000",
      "tradeId": "5706497395537921",
      "type": "match",
      "time_received": "11:00:57.5504"
    },
    {
      "makerOrderId": "6745aa6cc5ba7400078640e2",
      "price": "0.2158",
      "sequence": "5706499127261185",
      "side": "sell",
      "size": "956.82",
      "symbol": "SYRUP-USDT",
      "takerOrderId": "6745aa6d4fe7460007f87185",
      "time": "1732618861226000000",
      "tradeId": "5706499127261185",
      "type": "match",
      "time_received": "11:01:01.2606"
    },
    {
      "makerOrderId": "6745aa6d4fe7460007f87185",
      "price": "0.2156",
      "sequence": "5706499143383041",
      "side": "buy",
      "size": "47.6",
      "symbol": "SYRUP-USDT",
      "takerOrderId": "6745aa6d31d095000728a2a9",
      "time": "1732618861276000000",
      "tradeId": "5706499143383041",
      "type": "match",
      "time_received": "11:01:01.3688"
    },
    {
      "makerOrderId": "6745aa6d4fe7460007f87185",
      "price": "0.2156",
      "sequence": "5706499153082369",
      "side": "buy",
      "size": "47.6",
      "symbol": "SYRUP-USDT",
      "takerOrderId": "6745aa6dc5ba740007864dad",
      "time": "1732618861303000000",
      "tradeId": "5706499153082369",
      "type": "match",
      "time_received": "11:01:01.3705"
    },
    {
      "makerOrderId": "6745aa6d4fe7460007f87185",
      "price": "0.2156",
      "sequence": "5706499158325249",
      "side": "buy",
      "size": "126.93",
      "symbol": "SYRUP-USDT",
      "takerOrderId": "6745aa6d6967d30007016802",
      "time": "1732618861315000000",
      "tradeId": "5706499158325249",
      "type": "match",
      "time_received": "11:01:01.3705"
    },
    {
      "makerOrderId": "6745aa6d4fe7460007f87185",
      "price": "0.2156",
      "sequence": "5706499172743169",
      "side": "buy",
      "size": "31.74",
      "symbol": "SYRUP-USDT",
      "takerOrderId": "6745aa6d4fe7460007f87254",
      "time": "1732618861355000000",
      "tradeId": "5706499172743169",
      "type": "match",
      "time_received": "11:01:01.3945"
    },
    {
      "makerOrderId": "6745aa6d4fe7460007f87185",
      "price": "0.2156",
      "sequence": "5706502682064897",
      "side": "buy",
      "size": "913.24",
      "symbol": "SYRUP-USDT",
      "takerOrderId": "6745aa75c5ba74000786927d",
      "time": "1732618869072000000",
      "tradeId": "5706502682064897",
      "type": "match",
      "time_received": "11:01:09.1062"
    },
    {
      "makerOrderId": "6745aa6d4fe7460007f87185",
      "price": "0.2156",
      "sequence": "5706503110277121",
      "side": "buy",
      "size": "134.01",
      "symbol": "SYRUP-USDT",
      "takerOrderId": "6745aa76f1bf4000079288d7",
      "time": "1732618870077000000",
      "tradeId": "5706503110277121",
      "type": "match",
      "time_received": "11:01:10.1148"
    },
    {
      "makerOrderId": "6745aa76f15b2700079e7e0a",
      "price": "0.215",
      "sequence": "5706503351449601",
      "side": "buy",
      "size": "71.62",
      "symbol": "SYRUP-USDT",
      "takerOrderId": "6745aa7637061e000742703e",
      "time": "1732618870493000000",
      "tradeId": "5706503351449601",
      "type": "match",
      "time_received": "11:01:10.5313"
    },
    {
      "makerOrderId": "6745aa76f15b2700079e7e0a",
      "price": "0.215",
      "sequence": "5706503392868353",
      "side": "buy",
      "size": "100.06",
      "symbol": "SYRUP-USDT",
      "takerOrderId": "6745aa7668486d000787efed",
      "time": "1732618870539000000",
      "tradeId": "5706503392868353",
      "type": "match",
      "time_received": "11:01:10.5779"
    },
    {
      "makerOrderId": "6745aa76f15b2700079e7e0a",
      "price": "0.215",
      "sequence": "5706503400863745",
      "side": "buy",
      "size": "295.74",
      "symbol": "SYRUP-USDT",
      "takerOrderId": "6745aa7631d095000728f6b3",
      "time": "1732618870549000000",
      "tradeId": "5706503400863745",
      "type": "match",
      "time_received": "11:01:10.5851"
    },
    {
      "makerOrderId": "6745aa76f15b2700079e7e0a",
      "price": "0.215",
      "sequence": "5706503412004865",
      "side": "buy",
      "size": "93.6",
      "symbol": "SYRUP-USDT",
      "takerOrderId": "6745aa761586c100079c8edd",
      "time": "1732618870567000000",
      "tradeId": "5706503412004865",
      "type": "match",
      "time_received": "11:01:10.6070"
    },
    {
      "makerOrderId": "6745aa76f15b2700079e7e0a",
      "price": "0.215",
      "sequence": "5706503413970945",
      "side": "buy",
      "size": "313.6",
      "symbol": "SYRUP-USDT",
      "takerOrderId": "6745aa76f4a7c5000798744b",
      "time": "1732618870568000000",
      "tradeId": "5706503413970945",
      "type": "match",
      "time_received": "11:01:10.6071"
    },
    {
      "makerOrderId": "6745aa76f15b2700079e7e0a",
      "price": "0.215",
      "sequence": "5706503419213825",
      "side": "buy",
      "size": "19.57",
      "symbol": "SYRUP-USDT",
      "takerOrderId": "6745aa76ae93cc0007c6cfe8",
      "time": "1732618870574000000",
      "tradeId": "5706503419213825",
      "type": "match",
      "time_received": "11:01:10.6115"
    },
    {
      "makerOrderId": "6745aa76f15b2700079e7e0a",
      "price": "0.215",
      "sequence": "5706503445035009",
      "side": "buy",
      "size": "72.75",
      "symbol": "SYRUP-USDT",
      "takerOrderId": "6745aa76c5ba74000786a227",
      "time": "1732618870609000000",
      "tradeId": "5706503445035009",
      "type": "match",
      "time_received": "11:01:10.6440"
    },
    {
      "makerOrderId": "6745aa76f15b2700079e7e0a",
      "price": "0.215",
      "sequence": "5706503449098241",
      "side": "buy",
      "size": "53.56",
      "symbol": "SYRUP-USDT",
      "takerOrderId": "6745aa7668486d000787f0f0",
      "time": "1732618870612000000",
      "tradeId": "5706503449098241",
      "type": "match",
      "time_received": "11:01:10.6498"
    },
    {
      "makerOrderId": "6745aa76f15b2700079e7e0a",
      "price": "0.215",
      "sequence": "5706503461550081",
      "side": "buy",
      "size": "93.6",
      "symbol": "SYRUP-USDT",
      "takerOrderId": "6745aa7631d095000728f7c8",
      "time": "1732618870636000000",
      "tradeId": "5706503461550081",
      "type": "match",
      "time_received": "11:01:10.6733"
    },
    {
      "makerOrderId": "6745aa76f15b2700079e7e0a",
      "price": "0.215",
      "sequence": "5706503469545473",
      "side": "buy",
      "size": "19.57",
      "symbol": "SYRUP-USDT",
      "takerOrderId": "6745aa76c65bf7000730dcca",
      "time": "1732618870650000000",
      "tradeId": "5706503469545473",
      "type": "match",
      "time_received": "11:01:10.6854"
    },
    {
      "makerOrderId": "6745aa76f15b2700079e7e0a",
      "price": "0.215",
      "sequence": "5706503472166913",
      "side": "buy",
      "size": "197.7",
      "symbol": "SYRUP-USDT",
      "takerOrderId": "6745aa76f15b2700079e82a7",
      "time": "1732618870655000000",
      "tradeId": "5706503472166913",
      "type": "match",
      "time_received": "11:01:10.6910"
    },
    {
      "makerOrderId": "6745aa76f15b2700079e7e0a",
      "price": "0.215",
      "sequence": "5706503472822273",
      "side": "buy",
      "size": "197.7",
      "symbol": "SYRUP-USDT",
      "takerOrderId": "6745aa76088f010007a66472",
      "time": "1732618870656000000",
      "tradeId": "5706503472822273",
      "type": "match",
      "time_received": "11:01:10.6911"
    },
    {
      "makerOrderId": "6745aa76f15b2700079e7e0a",
      "price": "0.215",
      "sequence": "5706503480817665",
      "side": "buy",
      "size": "197.7",
      "symbol": "SYRUP-USDT",
      "takerOrderId": "6745aa76f15b2700079e82d6",
      "time": "1732618870671000000",
      "tradeId": "5706503480817665",
      "type": "match",
      "time_received": "11:01:10.7099"
    },
    {
      "makerOrderId": "6745aa76f15b2700079e7e0a",
      "price": "0.215",
      "sequence": "5706503481604097",
      "side": "buy",
      "size": "100.06",
      "symbol": "SYRUP-USDT",
      "takerOrderId": "6745aa761586c100079c9015",
      "time": "1732618870673000000",
      "tradeId": "5706503481604097",
      "type": "match",
      "time_received": "11:01:10.7100"
    },
    {
      "makerOrderId": "6745aa76f15b2700079e7e0a",
      "price": "0.215",
      "sequence": "5706503481735169",
      "side": "buy",
      "size": "197.7",
      "symbol": "SYRUP-USDT",
      "takerOrderId": "6745aa76f4a7c5000798756a",
      "time": "1732618870673000000",
      "tradeId": "5706503481735169",
      "type": "match",
      "time_received": "11:01:10.7101"
    },
    {
      "makerOrderId": "6745aa76f15b2700079e7e0a",
      "price": "0.215",
      "sequence": "5706503511619585",
      "side": "buy",
      "size": "77.37",
      "symbol": "SYRUP-USDT",
      "takerOrderId": "6745aa76ae93cc0007c6d19f",
      "time": "1732618870719000000",
      "tradeId": "5706503511619585",
      "type": "match",
      "time_received": "11:01:10.7589"
    },
    {
      "makerOrderId": "6745aa76f15b2700079e7e0a",
      "price": "0.215",
      "sequence": "5706503647016961",
      "side": "buy",
      "size": "969.4",
      "symbol": "SYRUP-USDT",
      "takerOrderId": "6745aa77f4a7c50007987873",
      "time": "1732618871026000000",
      "tradeId": "5706503647016961",
      "type": "match",
      "time_received": "11:01:11.0614"
    },
    {
      "makerOrderId": "6745aa76f15b2700079e7e0a",
      "price": "0.215",
      "sequence": "5706504347596801",
      "side": "buy",
      "size": "159.1",
      "symbol": "SYRUP-USDT",
      "takerOrderId": "6745aa784fe7460007f8dc46",
      "time": "1732618872196000000",
      "tradeId": "5706504347596801",
      "type": "match",
      "time_received": "11:01:12.2344"
    },
    {
      "makerOrderId": "6745aa76f15b2700079e7e0a",
      "price": "0.215",
      "sequence": "5706504353626113",
      "side": "buy",
      "size": "159.1",
      "symbol": "SYRUP-USDT",
      "takerOrderId": "6745aa7837061e0007428648",
      "time": "1732618872203000000",
      "tradeId": "5706504353626113",
      "type": "match",
      "time_received": "11:01:12.2444"
    },
    {
      "makerOrderId": "6745aa76f15b2700079e7e0a",
      "price": "0.215",
      "sequence": "5706504769124353",
      "side": "buy",
      "size": "11.01",
      "symbol": "SYRUP-USDT",
      "takerOrderId": "6745aa78df6f6e0007723b4d",
      "time": "1732618872865000000",
      "tradeId": "5706504769124353",
      "type": "match",
      "time_received": "11:01:12.9043"
    },
    {
      "makerOrderId": "6745aa76f15b2700079e7e0a",
      "price": "0.215",
      "sequence": "5706505333651457",
      "side": "buy",
      "size": "38.3",
      "symbol": "SYRUP-USDT",
      "takerOrderId": "6745aa791586c100079cba39",
      "time": "1732618873949000000",
      "tradeId": "5706505333651457",
      "type": "match",
      "time_received": "11:01:13.9891"
    },
    {
      "makerOrderId": "6745aa76f15b2700079e7e0a",
      "price": "0.215",
      "sequence": "5706505356720129",
      "side": "buy",
      "size": "81.7",
      "symbol": "SYRUP-USDT",
      "takerOrderId": "6745aa79df6f6e0007724843",
      "time": "1732618873984000000",
      "tradeId": "5706505356720129",
      "type": "match",
      "time_received": "11:01:14.0225"
    },
    {
      "makerOrderId": "6745aa76f15b2700079e7e0a",
      "price": "0.215",
      "sequence": "5706506092296193",
      "side": "buy",
      "size": "140.6",
      "symbol": "SYRUP-USDT",
      "takerOrderId": "6745aa7bdf6f6e0007725837",
      "time": "1732618875685000000",
      "tradeId": "5706506092296193",
      "type": "match",
      "time_received": "11:01:15.7237"
    },
    {
      "makerOrderId": "6745aa76f15b2700079e7e0a",
      "price": "0.215",
      "sequence": "5706506094524417",
      "side": "buy",
      "size": "140.6",
      "symbol": "SYRUP-USDT",
      "takerOrderId": "6745aa7bcf286a00073d18b9",
      "time": "1732618875689000000",
      "tradeId": "5706506094524417",
      "type": "match",
      "time_received": "11:01:15.7239"
    },
    {
      "makerOrderId": "6745aa7df15b2700079ec91b",
      "price": "0.2144",
      "sequence": "5706506737563649",
      "side": "buy",
      "size": "140.6",
      "symbol": "SYRUP-USDT",
      "takerOrderId": "6745aa7d37061e000742b9c7",
      "time": "1732618877071000000",
      "tradeId": "5706506737563649",
      "type": "match",
      "time_received": "11:01:17.1101"
    },
    {
      "makerOrderId": "6745aa7df15b2700079ec91b",
      "price": "0.2144",
      "sequence": "5706506737694721",
      "side": "buy",
      "size": "20.11",
      "symbol": "SYRUP-USDT",
      "takerOrderId": "6745aa7dd52cb80007fbe0be",
      "time": "1732618877071000000",
      "tradeId": "5706506737694721",
      "type": "match",
      "time_received": "11:01:17.1102"
    },
    {
      "makerOrderId": "6745aa7df15b2700079ec91b",
      "price": "0.2144",
      "sequence": "5706508331399169",
      "side": "buy",
      "size": "38.33",
      "symbol": "SYRUP-USDT",
      "takerOrderId": "6745aa80ae93cc0007c736cc",
      "time": "1732618880835000000",
      "tradeId": "5706508331399169",
      "type": "match",
      "time_received": "11:01:20.8747"
    },
    {
      "makerOrderId": "6745aa7df15b2700079ec91b",
      "price": "0.2144",
      "sequence": "5706508463912961",
      "side": "buy",
      "size": "5.73",
      "symbol": "SYRUP-USDT",
      "takerOrderId": "6745aa816967d30007022577",
      "time": "1732618881055000000",
      "tradeId": "5706508463912961",
      "type": "match",
      "time_received": "11:01:21.0918"
    },
    {
      "makerOrderId": "6745aa80f15b2700079ee778",
      "price": "0.2144",
      "sequence": "5706508463912964",
      "side": "buy",
      "size": "126.53",
      "symbol": "SYRUP-USDT",
      "takerOrderId": "6745aa816967d30007022577",
      "time": "1732618881055000000",
      "tradeId": "5706508463912964",
      "type": "match",
      "time_received": "11:01:21.0918"
    },
    {
      "makerOrderId": "6745aa80f15b2700079ee778",
      "price": "0.2144",
      "sequence": "5706508467582977",
      "side": "buy",
      "size": "132.26",
      "symbol": "SYRUP-USDT",
      "takerOrderId": "6745aa81088f010007a6ccd8",
      "time": "1732618881063000000",
      "tradeId": "5706508467582977",
      "type": "match",
      "time_received": "11:01:21.1030"
    },
    {
      "makerOrderId": "6745aa80f15b2700079ee778",
      "price": "0.2144",
      "sequence": "5706508524861441",
      "side": "buy",
      "size": "170.11",
      "symbol": "SYRUP-USDT",
      "takerOrderId": "6745aa81d52cb80007fc01ea",
      "time": "1732618881193000000",
      "tradeId": "5706508524861441",
      "type": "match",
      "time_received": "11:01:21.2335"
    },
    {
      "makerOrderId": "6745aa80f15b2700079ee778",
      "price": "0.2144",
      "sequence": "5706509126481921",
      "side": "buy",
      "size": "159.06",
      "symbol": "SYRUP-USDT",
      "takerOrderId": "6745aa82cf286a00073d51bc",
      "time": "1732618882661000000",
      "tradeId": "5706509126481921",
      "type": "match",
      "time_received": "11:01:22.7010"
    },
    {
      "makerOrderId": "6745aa80f15b2700079ee778",
      "price": "0.2144",
      "sequence": "5706509129365505",
      "side": "buy",
      "size": "86.94",
      "symbol": "SYRUP-USDT",
      "takerOrderId": "6745aa824fe7460007f93d4d",
      "time": "1732618882675000000",
      "tradeId": "5706509129365505",
      "type": "match",
      "time_received": "11:01:22.7148"
    },
    {
      "makerOrderId": "6745aa80f15b2700079ee778",
      "price": "0.2144",
      "sequence": "5706509137623041",
      "side": "buy",
      "size": "39.04",
      "symbol": "SYRUP-USDT",
      "takerOrderId": "6745aa82088f010007a6d914",
      "time": "1732618882701000000",
      "tradeId": "5706509137623041",
      "type": "match",
      "time_received": "11:01:22.7371"
    },
    {
      "makerOrderId": "6745aa821586c100079cffcd",
      "price": "0.2148",
      "sequence": "5706509137623044",
      "side": "buy",
      "size": "24.88",
      "symbol": "SYRUP-USDT",
      "takerOrderId": "6745aa82088f010007a6d914",
      "time": "1732618882701000000",
      "tradeId": "5706509137623044",
      "type": "match",
      "time_received": "11:01:22.7372"
    },
    {
      "makerOrderId": "6745aa82df6f6e0007729375",
      "price": "0.2149",
      "sequence": "5706509334755329",
      "side": "buy",
      "size": "85.04",
      "symbol": "SYRUP-USDT",
      "takerOrderId": "6745aa834fe7460007f94031",
      "time": "1732618883140000000",
      "tradeId": "5706509334755329",
      "type": "match",
      "time_received": "11:01:23.1776"
    },
    {
      "makerOrderId": "6745aa79f1bf40000792b1ea",
      "price": "0.2142",
      "sequence": "5706509397145601",
      "side": "sell",
      "size": "4909.1",
      "symbol": "SYRUP-USDT",
      "takerOrderId": "6745aa83c65bf70007315516",
      "time": "1732618883311000000",
      "tradeId": "5706509397145601",
      "type": "match",
      "time_received": "11:01:23.3446"
    },
    {
      "makerOrderId": "6745aa82df6f6e0007729375",
      "price": "0.2149",
      "sequence": "5706509413922817",
      "side": "buy",
      "size": "145.69",
      "symbol": "SYRUP-USDT",
      "takerOrderId": "6745aa830d855300071d4c71",
      "time": "1732618883350000000",
      "tradeId": "5706509413922817",
      "type": "match",
      "time_received": "11:01:23.3840"
    },
    {
      "makerOrderId": "6745aa82f15b2700079ef84f",
      "price": "0.2149",
      "sequence": "5706509413922820",
      "side": "buy",
      "size": "138.44",
      "symbol": "SYRUP-USDT",
      "takerOrderId": "6745aa830d855300071d4c71",
      "time": "1732618883350000000",
      "tradeId": "5706509413922820",
      "type": "match",
      "time_received": "11:01:23.3909"
    },
    {
      "makerOrderId": "6745aa82088f010007a6da17",
      "price": "0.2149",
      "sequence": "5706509413922823",
      "side": "buy",
      "size": "113.56",
      "symbol": "SYRUP-USDT",
      "takerOrderId": "6745aa830d855300071d4c71",
      "time": "1732618883350000000",
      "tradeId": "5706509413922823",
      "type": "match",
      "time_received": "11:01:23.3909"
    },
    {
      "makerOrderId": "6745aa76f15b2700079e7e0a",
      "price": "0.215",
      "sequence": "5706509413922826",
      "side": "buy",
      "size": "555.04",
      "symbol": "SYRUP-USDT",
      "takerOrderId": "6745aa830d855300071d4c71",
      "time": "1732618883350000000",
      "tradeId": "5706509413922826",
      "type": "match",
      "time_received": "11:01:23.3910"
    },
    {
      "makerOrderId": "6745aa76f15b2700079e7e0a",
      "price": "0.215",
      "sequence": "5706510557788161",
      "side": "buy",
      "size": "457.15",
      "symbol": "SYRUP-USDT",
      "takerOrderId": "6745aa864fe7460007f95611",
      "time": "1732618886287000000",
      "tradeId": "5706510557788161",
      "type": "match",
      "time_received": "11:01:26.3259"
    },
    {
      "makerOrderId": "6745aa76f15b2700079e7e0a",
      "price": "0.215",
      "sequence": "5706514074056705",
      "side": "buy",
      "size": "84.57",
      "symbol": "SYRUP-USDT",
      "takerOrderId": "6745aa8f68486d000788c02d",
      "time": "1732618895087000000",
      "tradeId": "5706514074056705",
      "type": "match",
      "time_received": "11:01:35.1245"
    },
    {
      "makerOrderId": "6745aa76f15b2700079e7e0a",
      "price": "0.215",
      "sequence": "5706517519022081",
      "side": "buy",
      "size": "229.35",
      "symbol": "SYRUP-USDT",
      "takerOrderId": "6745aa96f1bf400007939cbe",
      "time": "1732618903009000000",
      "tradeId": "5706517519022081",
      "type": "match",
      "time_received": "11:01:43.0454"
    },
    {
      "makerOrderId": "6745aa76f15b2700079e7e0a",
      "price": "0.215",
      "sequence": "5706519486019585",
      "side": "buy",
      "size": "777.92",
      "symbol": "SYRUP-USDT",
      "takerOrderId": "6745aa9bcf286a00073e0d5c",
      "time": "1732618907628000000",
      "tradeId": "5706519486019585",
      "type": "match",
      "time_received": "11:01:47.6684"
    },
    {
      "makerOrderId": "6745aa844fe7460007f94aa7",
      "price": "0.2149",
      "sequence": "5706522117945345",
      "side": "sell",
      "size": "968.84",
      "symbol": "SYRUP-USDT",
      "takerOrderId": "6745aaa00d855300071e3a44",
      "time": "1732618912915000000",
      "tradeId": "5706522117945345",
      "type": "match",
      "time_received": "11:01:52.9513"
    },
    {
      "makerOrderId": "6745aa9f088f010007a7bef7",
      "price": "0.2149",
      "sequence": "5706522117945348",
      "side": "sell",
      "size": "1",
      "symbol": "SYRUP-USDT",
      "takerOrderId": "6745aaa00d855300071e3a44",
      "time": "1732618912915000000",
      "tradeId": "5706522117945348",
      "type": "match",
      "time_received": "11:01:52.9514"
    },
    {
      "makerOrderId": "6745aa9f1586c100079dea4b",
      "price": "0.2149",
      "sequence": "5706522117945351",
      "side": "sell",
      "size": "139.57",
      "symbol": "SYRUP-USDT",
      "takerOrderId": "6745aaa00d855300071e3a44",
      "time": "1732618912915000000",
      "tradeId": "5706522117945351",
      "type": "match",
      "time_received": "11:01:52.9515"
    },
    {
      "makerOrderId": "6745aa9fc65bf70007323813",
      "price": "0.2149",
      "sequence": "5706522117945354",
      "side": "sell",
      "size": "139.57",
      "symbol": "SYRUP-USDT",
      "takerOrderId": "6745aaa00d855300071e3a44",
      "time": "1732618912915000000",
      "tradeId": "5706522117945354",
      "type": "match",
      "time_received": "11:01:52.9516"
    },
    {
      "makerOrderId": "6745aaa00d855300071e3a44",
      "price": "0.2149",
      "sequence": "5706525938694145",
      "side": "buy",
      "size": "72.34",
      "symbol": "SYRUP-USDT",
      "takerOrderId": "6745aaa8f1bf400007944b66",
      "time": "1732618920569000000",
      "tradeId": "5706525938694145",
      "type": "match",
      "time_received": "11:02:00.6095"
    },
    {
      "makerOrderId": "6745aaa1f4f1200007b7f62c",
      "price": "0.2142",
      "sequence": "5706527229884417",
      "side": "sell",
      "size": "86.84",
      "symbol": "SYRUP-USDT",
      "takerOrderId": "6745aaabf4f1200007b85ed6",
      "time": "1732618923442000000",
      "tradeId": "5706527229884417",
      "type": "match",
      "time_received": "11:02:03.4776"
    },
    {
      "makerOrderId": "6745aaab0d855300071ea4ae",
      "price": "0.2142",
      "sequence": "5706527229884420",
      "side": "sell",
      "size": "8264.62",
      "symbol": "SYRUP-USDT",
      "takerOrderId": "6745aaabf4f1200007b85ed6",
      "time": "1732618923442000000",
      "tradeId": "5706527229884420",
      "type": "match",
      "time_received": "11:02:03.4778"
    },
    {
      "makerOrderId": "6745aaab0d855300071ea4ae",
      "price": "0.2142",
      "sequence": "5706528026015745",
      "side": "sell",
      "size": "4591.62",
      "symbol": "SYRUP-USDT",
      "takerOrderId": "6745aaadc65bf7000732c042",
      "time": "1732618925429000000",
      "tradeId": "5706528026015745",
      "type": "match",
      "time_received": "11:02:05.4674"
    },
    {
      "makerOrderId": "6745aaa00d855300071e3a44",
      "price": "0.2149",
      "sequence": "5706529756559361",
      "side": "buy",
      "size": "112.31",
      "symbol": "SYRUP-USDT",
      "takerOrderId": "6745aab0b7e21a000763cd88",
      "time": "1732618929003000000",
      "tradeId": "5706529756559361",
      "type": "match",
      "time_received": "11:02:09.0376"
    },
    {
      "makerOrderId": "6745aaab0d855300071ea4ae",
      "price": "0.2142",
      "sequence": "5706531388274689",
      "side": "sell",
      "size": "31.14",
      "symbol": "SYRUP-USDT",
      "takerOrderId": "6745aab4c65bf7000733045f",
      "time": "1732618932427000000",
      "tradeId": "5706531388274689",
      "type": "match",
      "time_received": "11:02:12.4679"
    },
    {
      "makerOrderId": "6745aaa00d855300071e3a44",
      "price": "0.2149",
      "sequence": "5706532231723009",
      "side": "buy",
      "size": "367.3",
      "symbol": "SYRUP-USDT",
      "takerOrderId": "6745aab667cdc900074c0a47",
      "time": "1732618934522000000",
      "tradeId": "5706532231723009",
      "type": "match",
      "time_received": "11:02:14.5605"
    },
    {
      "makerOrderId": "6745aaa00d855300071e3a44",
      "price": "0.2149",
      "sequence": "5706545582716929",
      "side": "buy",
      "size": "186.14",
      "symbol": "SYRUP-USDT",
      "takerOrderId": "6745aad3d52cb80007fed0bf",
      "time": "1732618963018000000",
      "tradeId": "5706545582716929",
      "type": "match",
      "time_received": "11:02:43.0540"
    },
    {
      "makerOrderId": "6745aaa00d855300071e3a44",
      "price": "0.2149",
      "sequence": "5706555033532417",
      "side": "buy",
      "size": "2.69",
      "symbol": "SYRUP-USDT",
      "takerOrderId": "6745aae50d8553000720bde6",
      "time": "1732618981754000000",
      "tradeId": "5706555033532417",
      "type": "match",
      "time_received": "11:03:01.7995"
    },
    {
      "makerOrderId": "6745aaa00d855300071e3a44",
      "price": "0.2149",
      "sequence": "5706556148430849",
      "side": "buy",
      "size": "92.78",
      "symbol": "SYRUP-USDT",
      "takerOrderId": "6745aae71586c10007a09049",
      "time": "1732618983668000000",
      "tradeId": "5706556148430849",
      "type": "match",
      "time_received": "11:03:03.7028"
    },
    {
      "makerOrderId": "6745aaa00d855300071e3a44",
      "price": "0.2149",
      "sequence": "5706559370180609",
      "side": "buy",
      "size": "497.22",
      "symbol": "SYRUP-USDT",
      "takerOrderId": "6745aaed67cdc900074e1160",
      "time": "1732618989195000000",
      "tradeId": "5706559370180609",
      "type": "match",
      "time_received": "11:03:09.2351"
    },
    {
      "makerOrderId": "6745aaebf1bf40000796b57c",
      "price": "0.2147",
      "sequence": "5706564466784257",
      "side": "sell",
      "size": "959.46",
      "symbol": "SYRUP-USDT",
      "takerOrderId": "6745aaf6df6f6e000776cb63",
      "time": "1732618998972000000",
      "tradeId": "5706564466784257",
      "type": "match",
      "time_received": "11:03:19.0111"
    },
    {
      "makerOrderId": "6745aaf968486d00078cb0b3",
      "price": "0.2145",
      "sequence": "5706567932852225",
      "side": "sell",
      "size": "988.24",
      "symbol": "SYRUP-USDT",
      "takerOrderId": "6745aafe6967d3000706b113",
      "time": "1732619006735000000",
      "tradeId": "5706567932852225",
      "type": "match",
      "time_received": "11:03:26.7780"
    },
    {
      "makerOrderId": "6745aafa67cdc900074e981f",
      "price": "0.2143",
      "sequence": "5706567932852228",
      "side": "sell",
      "size": "5518.06",
      "symbol": "SYRUP-USDT",
      "takerOrderId": "6745aafe6967d3000706b113",
      "time": "1732619006735000000",
      "tradeId": "5706567932852228",
      "type": "match",
      "time_received": "11:03:26.7781"
    },
    {
      "makerOrderId": "6745ab00f15b270007a3962b",
      "price": "0.2145",
      "sequence": "5706569419732993",
      "side": "buy",
      "size": "57.37",
      "symbol": "SYRUP-USDT",
      "takerOrderId": "6745ab00ae93cc0007cbdf0a",
      "time": "1732619008957000000",
      "tradeId": "5706569419732993",
      "type": "match",
      "time_received": "11:03:28.9956"
    },
    {
      "makerOrderId": "6745aaffd52cb80007008eed",
      "price": "0.2142",
      "sequence": "5706570230806529",
      "side": "sell",
      "size": "4909.08",
      "symbol": "SYRUP-USDT",
      "takerOrderId": "6745ab024fe7460007fde8cf",
      "time": "1732619010583000000",
      "tradeId": "5706570230806529",
      "type": "match",
      "time_received": "11:03:30.6172"
    },
    {
      "makerOrderId": "6745aaffd52cb80007008eed",
      "price": "0.2142",
      "sequence": "5706570682087425",
      "side": "sell",
      "size": "4591.62",
      "symbol": "SYRUP-USDT",
      "takerOrderId": "6745ab0367cdc900074ef7a3",
      "time": "1732619011454000000",
      "tradeId": "5706570682087425",
      "type": "match",
      "time_received": "11:03:31.4925"
    },
    {
      "makerOrderId": "6745aaffd52cb80007008eed",
      "price": "0.2142",
      "sequence": "5706572717111297",
      "side": "sell",
      "size": "600.54",
      "symbol": "SYRUP-USDT",
      "takerOrderId": "6745ab0768486d00078d3bd0",
      "time": "1732619015177000000",
      "tradeId": "5706572717111297",
      "type": "match",
      "time_received": "11:03:35.2138"
    },
    {
      "makerOrderId": "6745aaffd52cb80007008eed",
      "price": "0.2142",
      "sequence": "5706573693859841",
      "side": "sell",
      "size": "229.35",
      "symbol": "SYRUP-USDT",
      "takerOrderId": "6745ab08ae93cc0007cc27e4",
      "time": "1732619016833000000",
      "tradeId": "5706573693859841",
      "type": "match",
      "time_received": "11:03:36.8681"
    },
    {
      "makerOrderId": "6745aaffd52cb80007008eed",
      "price": "0.2142",
      "sequence": "5706574888843265",
      "side": "sell",
      "size": "6565.64",
      "symbol": "SYRUP-USDT",
      "takerOrderId": "6745ab0a31d09500072e68bc",
      "time": "1732619019010000000",
      "tradeId": "5706574888843265",
      "type": "match",
      "time_received": "11:03:39.0497"
    },
    {
      "makerOrderId": "6745ab00f15b270007a3962b",
      "price": "0.2145",
      "sequence": "5706575104718849",
      "side": "buy",
      "size": "309.93",
      "symbol": "SYRUP-USDT",
      "takerOrderId": "6745ab0bdf6f6e0007779678",
      "time": "1732619019360000000",
      "tradeId": "5706575104718849",
      "type": "match",
      "time_received": "11:03:39.3996"
    },
    {
      "makerOrderId": "6745ab02df6f6e000777404b",
      "price": "0.2146",
      "sequence": "5706575104718852",
      "side": "buy",
      "size": "1",
      "symbol": "SYRUP-USDT",
      "takerOrderId": "6745ab0bdf6f6e0007779678",
      "time": "1732619019360000000",
      "tradeId": "5706575104718852",
      "type": "match",
      "time_received": "11:03:39.4001"
    },
    {
      "makerOrderId": "6745aaf6df6f6e000776cb63",
      "price": "0.2147",
      "sequence": "5706575104718855",
      "side": "buy",
      "size": "1092.87",
      "symbol": "SYRUP-USDT",
      "takerOrderId": "6745ab0bdf6f6e0007779678",
      "time": "1732619019360000000",
      "tradeId": "5706575104718855",
      "type": "match",
      "time_received": "11:03:39.4001"
    },
    {
      "makerOrderId": "6745ab0b088f010007abdcb4",
      "price": "0.2148",
      "sequence": "5706575104718858",
      "side": "buy",
      "size": "139.57",
      "symbol": "SYRUP-USDT",
      "takerOrderId": "6745ab0bdf6f6e0007779678",
      "time": "1732619019360000000",
      "tradeId": "5706575104718858",
      "type": "match",
      "time_received": "11:03:39.4002"
    },
    {
      "makerOrderId": "6745ab0b67cdc900074f46c4",
      "price": "0.2148",
      "sequence": "5706575104718861",
      "side": "buy",
      "size": "139.57",
      "symbol": "SYRUP-USDT",
      "takerOrderId": "6745ab0bdf6f6e0007779678",
      "time": "1732619019360000000",
      "tradeId": "5706575104718861",
      "type": "match",
      "time_received": "11:03:39.4002"
    },
    {
      "makerOrderId": "6745aaafb7e21a000763b9e3",
      "price": "0.215",
      "sequence": "5706581874325505",
      "side": "buy",
      "size": "23.25",
      "symbol": "SYRUP-USDT",
      "takerOrderId": "6745ab16c65bf7000736cf4b",
      "time": "1732619030568000000",
      "tradeId": "5706581874325505",
      "type": "match",
      "time_received": "11:03:50.6249"
    },
    {
      "makerOrderId": "6745aaafb7e21a000763b9e3",
      "price": "0.215",
      "sequence": "5706582791305217",
      "side": "buy",
      "size": "41.66",
      "symbol": "SYRUP-USDT",
      "takerOrderId": "6745ab18f4a7c500079e775d",
      "time": "1732619032429000000",
      "tradeId": "5706582791305217",
      "type": "match",
      "time_received": "11:03:52.4688"
    },
    {
      "makerOrderId": "6745aac767cdc900074c9204",
      "price": "0.215",
      "sequence": "5706582791305220",
      "side": "buy",
      "size": "25.83",
      "symbol": "SYRUP-USDT",
      "takerOrderId": "6745ab18f4a7c500079e775d",
      "time": "1732619032429000000",
      "tradeId": "5706582791305220",
      "type": "match",
      "time_received": "11:03:52.4688"
    },
    {
      "makerOrderId": "6745aac767cdc900074c9204",
      "price": "0.215",
      "sequence": "5706596474566657",
      "side": "buy",
      "size": "0.55",
      "symbol": "SYRUP-USDT",
      "takerOrderId": "6745ab3068486d00078f04c8",
      "time": "1732619056787000000",
      "tradeId": "5706596474566657",
      "type": "match",
      "time_received": "11:04:16.8270"
    },
    {
      "makerOrderId": "6745aac767cdc900074c9204",
      "price": "0.215",
      "sequence": "5706599299823617",
      "side": "buy",
      "size": "439.91",
      "symbol": "SYRUP-USDT",
      "takerOrderId": "6745ab361586c10007a3d84c",
      "time": "1732619062422000000",
      "tradeId": "5706599299823617",
      "type": "match",
      "time_received": "11:04:22.4724"
    },
    {
      "makerOrderId": "6745aac767cdc900074c9204",
      "price": "0.215",
      "sequence": "5706601993091073",
      "side": "buy",
      "size": "5.11",
      "symbol": "SYRUP-USDT",
      "takerOrderId": "6745ab3bd52cb80007031827",
      "time": "1732619067795000000",
      "tradeId": "5706601993091073",
      "type": "match",
      "time_received": "11:04:27.8319"
    },
    {
      "makerOrderId": "6745aac767cdc900074c9204",
      "price": "0.215",
      "sequence": "5706611993098241",
      "side": "buy",
      "size": "605.84",
      "symbol": "SYRUP-USDT",
      "takerOrderId": "6745ab4a0d855300072530cd",
      "time": "1732619082682000000",
      "tradeId": "5706611993098241",
      "type": "match",
      "time_received": "11:04:42.7213"
    }
  ]
}