{
  "metadata": {
    "symbol": "XRP",
    "channel": "match",
    "start_time": "19:49:30.0000",
    "release_time": "19:50:00.0000",
    "end_time": "19:52:00.0000",
    "total_messages": 768,
    "final_snapshot": {
      "time": "19:52:00.4820",
      "symbol": "XRP-USDT",
      "price_high": "1.5388",
      "price_last": "1.47583",
      "price_low": "1.3551",
      "price_avg": "1.4176014",
      "volValue_USDT": "116498112.2874434973942"
    }
  },
  "data": [
    {
      "makerOrderId": "6744d4cbf15b270007d37d25",
      "price": "1.47643",
      "sequence": "10851498510927873",
      "side": "buy",
      "size": "67.7296",
      "symbol": "XRP-USDT",
      "takerOrderId": "6744d4cb37061e000777c041",
      "time": "1732564171533000000",
      "tradeId": "10851498510927873",
      "type": "match",
      "time_received": "19:49:31.5972"
    },
    {
      "makerOrderId": "6744d4cb6967d3000736ce36",
      "price": "1.47665",
      "sequence": "10851498510927878",
      "side": "buy",
      "size": "316.6",
      "symbol": "XRP-USDT",
      "takerOrderId": "6744d4cb37061e000777c041",
      "time": "1732564171533000000",
      "tradeId": "10851498510927878",
      "type": "match",
      "time_received": "19:49:31.5974"
    },
    {
      "makerOrderId": "6744d4cbf4f1200007ebb55a",
      "price": "1.47668",
      "sequence": "10851498510927881",
      "side": "buy",
      "size": "1.2264",
      "symbol": "XRP-USDT",
      "takerOrderId": "6744d4cb37061e000777c041",
      "time": "1732564171533000000",
      "tradeId": "10851498510927881",
      "type": "match",
      "time_received": "19:49:31.5975"
    },
    {
      "makerOrderId": "6744d4c9b487ed0007a6d3b1",
      "price": "1.47671",
      "sequence": "10851498510927886",
      "side": "buy",
      "size": "3932.2704",
      "symbol": "XRP-USDT",
      "takerOrderId": "6744d4cb37061e000777c041",
      "time": "1732564171533000000",
      "tradeId": "10851498510927886",
      "type": "match",
      "time_received": "19:49:31.5975"
    },
    {
      "makerOrderId": "6744d4c9b487ed0007a6d3b1",
      "price": "1.47671",
      "sequence": "10851498518530049",
      "side": "buy",
      "size": "65.3962",
      "symbol": "XRP-USDT",
      "takerOrderId": "6744d4cb67cdc900077ec8e0",
      "time": "1732564171536000000",
      "tradeId": "10851498518530049",
      "type": "match",
      "time_received": "19:49:31.5978"
    },
    {
      "makerOrderId": "6744d4c9b487ed0007a6d3b1",
      "price": "1.47671",
      "sequence": "10851498519447553",
      "side": "buy",
      "size": "2.3334",
      "symbol": "XRP-USDT",
      "takerOrderId": "6744d4cbd52cb8000730d3e9",
      "time": "1732564171537000000",
      "tradeId": "10851498519447553",
      "type": "match",
      "time_received": "19:49:31.5978"
    },
    {
      "makerOrderId": "6744d4ccf4f1200007ebbb88",
      "price": "1.47694",
      "sequence": "10851498762848257",
      "side": "buy",
      "size": "1.2262",
      "symbol": "XRP-USDT",
      "takerOrderId": "6744d4ccae93cc0007fbccb5",
      "time": "1732564172579000000",
      "tradeId": "10851498762848257",
      "type": "match",
      "time_received": "19:49:32.6423"
    },
    {
      "makerOrderId": "6744d4c2fb378b0007ca588a",
      "price": "1.47695",
      "sequence": "10851498762848260",
      "side": "buy",
      "size": "3125",
      "symbol": "XRP-USDT",
      "takerOrderId": "6744d4ccae93cc0007fbccb5",
      "time": "1732564172579000000",
      "tradeId": "10851498762848260",
      "type": "match",
      "time_received": "19:49:32.6424"
    },
    {
      "makerOrderId": "6744d4c2fb378b0007ca588a",
      "price": "1.47695",
      "sequence": "10851498946480129",
      "side": "buy",
      "size": "382.8125",
      "symbol": "XRP-USDT",
      "takerOrderId": "6744d4cdf15b270007d388f3",
      "time": "1732564173485000000",
      "tradeId": "10851498946480129",
      "type": "match",
      "time_received": "19:49:33.5484"
    },
    {
      "makerOrderId": "6744d4c2fb378b0007ca588a",
      "price": "1.47695",
      "sequence": "10851498960504833",
      "side": "buy",
      "size": "492.1875",
      "symbol": "XRP-USDT",
      "takerOrderId": "6744d4cd68486d0007bd1fad",
      "time": "1732564173568000000",
      "tradeId": "10851498960504833",
      "type": "match",
      "time_received": "19:49:33.6314"
    },
    {
      "makerOrderId": "6744d4cdae93cc0007fbd207",
      "price": "1.47707",
      "sequence": "10851499012147201",
      "side": "buy",
      "size": "1.2261",
      "symbol": "XRP-USDT",
      "takerOrderId": "6744d4cd68486d0007bd211e",
      "time": "1732564173836000000",
      "tradeId": "10851499012147201",
      "type": "match",
      "time_received": "19:49:33.8991"
    },
    {
      "makerOrderId": "6744d4cff15b270007d392a8",
      "price": "1.47759",
      "sequence": "10851499394484225",
      "side": "buy",
      "size": "810",
      "symbol": "XRP-USDT",
      "takerOrderId": "6744d4cff15b270007d392bb",
      "time": "1732564175113000000",
      "tradeId": "10851499394484225",
      "type": "match",
      "time_received": "19:49:35.1760"
    },
    {
      "makerOrderId": "6744d4cf67cdc900077edd8b",
      "price": "1.47762",
      "sequence": "10851499394484228",
      "side": "buy",
      "size": "243",
      "symbol": "XRP-USDT",
      "takerOrderId": "6744d4cff15b270007d392bb",
      "time": "1732564175113000000",
      "tradeId": "10851499394484228",
      "type": "match",
      "time_received": "19:49:35.1762"
    },
    {
      "makerOrderId": "6744d4cf1586c10007d1f1d0",
      "price": "1.47763",
      "sequence": "10851499394484231",
      "side": "buy",
      "size": "810",
      "symbol": "XRP-USDT",
      "takerOrderId": "6744d4cff15b270007d392bb",
      "time": "1732564175113000000",
      "tradeId": "10851499394484231",
      "type": "match",
      "time_received": "19:49:35.1762"
    },
    {
      "makerOrderId": "6744d4cef15b270007d3915e",
      "price": "1.47785",
      "sequence": "10851499394484234",
      "side": "buy",
      "size": "1.2254",
      "symbol": "XRP-USDT",
      "takerOrderId": "6744d4cff15b270007d392bb",
      "time": "1732564175113000000",
      "tradeId": "10851499394484234",
      "type": "match",
      "time_received": "19:49:35.1763"
    },
    {
      "makerOrderId": "6744d4cd1586c10007d1ebfa",
      "price": "1.47802",
      "sequence": "10851499394484237",
      "side": "buy",
      "size": "3129.93",
      "symbol": "XRP-USDT",
      "takerOrderId": "6744d4cff15b270007d392bb",
      "time": "1732564175113000000",
      "tradeId": "10851499394484237",
      "type": "match",
      "time_received": "19:49:35.1765"
    },
    {
      "makerOrderId": "6744d4c54fe74600072dc613",
      "price": "1.47803",
      "sequence": "10851499394484240",
      "side": "buy",
      "size": "3763.7417",
      "symbol": "XRP-USDT",
      "takerOrderId": "6744d4cff15b270007d392bb",
      "time": "1732564175113000000",
      "tradeId": "10851499394484240",
      "type": "match",
      "time_received": "19:49:35.1765"
    },
    {
      "makerOrderId": "6744d4cf67cdc900077edea2",
      "price": "1.47743",
      "sequence": "10851499526211585",
      "side": "sell",
      "size": "41.4375",
      "symbol": "XRP-USDT",
      "takerOrderId": "6744d4cff4a7c50007cdb4e6",
      "time": "1732564175873000000",
      "tradeId": "10851499526211585",
      "type": "match",
      "time_received": "19:49:35.9377"
    },
    {
      "makerOrderId": "6744d4cf67cdc900077edea2",
      "price": "1.47743",
      "sequence": "10851499576543233",
      "side": "sell",
      "size": "768.5625",
      "symbol": "XRP-USDT",
      "takerOrderId": "6744d4d0291d9e0007a357a8",
      "time": "1732564176140000000",
      "tradeId": "10851499576543233",
      "type": "match",
      "time_received": "19:49:36.2047"
    },
    {
      "makerOrderId": "6744d4cf4fe74600072e021a",
      "price": "1.47743",
      "sequence": "10851499576543236",
      "side": "sell",
      "size": "1.2258",
      "symbol": "XRP-USDT",
      "takerOrderId": "6744d4d0291d9e0007a357a8",
      "time": "1732564176140000000",
      "tradeId": "10851499576543236",
      "type": "match",
      "time_received": "19:49:36.2048"
    },
    {
      "makerOrderId": "6744d4cfc5ba740007bbb40f",
      "price": "1.47739",
      "sequence": "10851499576543239",
      "side": "sell",
      "size": "676.7734",
      "symbol": "XRP-USDT",
      "takerOrderId": "6744d4d0291d9e0007a357a8",
      "time": "1732564176140000000",
      "tradeId": "10851499576543239",
      "type": "match",
      "time_received": "19:49:36.2048"
    },
    {
      "makerOrderId": "6744d4cfd52cb8000730ea24",
      "price": "1.47713",
      "sequence": "10851499576543242",
      "side": "sell",
      "size": "67.702",
      "symbol": "XRP-USDT",
      "takerOrderId": "6744d4d0291d9e0007a357a8",
      "time": "1732564176140000000",
      "tradeId": "10851499576543242",
      "type": "match",
      "time_received": "19:49:36.2049"
    },
    {
      "makerOrderId": "6744d4ce31d09500075e41b5",
      "price": "1.47712",
      "sequence": "10851499576543245",
      "side": "sell",
      "size": "307.7641",
      "symbol": "XRP-USDT",
      "takerOrderId": "6744d4d0291d9e0007a357a8",
      "time": "1732564176140000000",
      "tradeId": "10851499576543245",
      "type": "match",
      "time_received": "19:49:36.2049"
    },
    {
      "makerOrderId": "6744d4cdc65bf7000766572a",
      "price": "1.47704",
      "sequence": "10851499576543248",
      "side": "sell",
      "size": "1463.5086",
      "symbol": "XRP-USDT",
      "takerOrderId": "6744d4d0291d9e0007a357a8",
      "time": "1732564176140000000",
      "tradeId": "10851499576543248",
      "type": "match",
      "time_received": "19:49:36.2050"
    },
    {
      "makerOrderId": "6744d4cd088f010007db91a9",
      "price": "1.47703",
      "sequence": "10851499576543251",
      "side": "sell",
      "size": "714.4636",
      "symbol": "XRP-USDT",
      "takerOrderId": "6744d4d0291d9e0007a357a8",
      "time": "1732564176140000000",
      "tradeId": "10851499576543251",
      "type": "match",
      "time_received": "19:49:36.2051"
    },
    {
      "makerOrderId": "6744d4d337061e000777e9ef",
      "price": "1.47789",
      "sequence": "10851500327979009",
      "side": "buy",
      "size": "67.702",
      "symbol": "XRP-USDT",
      "takerOrderId": "6744d4d3f4a7c50007cdc5f6",
      "time": "1732564179348000000",
      "tradeId": "10851500327979009",
      "type": "match",
      "time_received": "19:49:39.4076"
    },
    {
      "makerOrderId": "6744d4cfd52cb8000730e9d8",
      "price": "1.47795",
      "sequence": "10851500331386881",
      "side": "buy",
      "size": "203.0875",
      "symbol": "XRP-USDT",
      "takerOrderId": "6744d4d3f4f1200007ebe0a4",
      "time": "1732564179349000000",
      "tradeId": "10851500331386881",
      "type": "match",
      "time_received": "19:49:39.4078"
    },
    {
      "makerOrderId": "6744d4d331d09500075e5cde",
      "price": "1.47815",
      "sequence": "10851500489984001",
      "side": "sell",
      "size": "676.4268",
      "symbol": "XRP-USDT",
      "takerOrderId": "6744d4d30d85530007524702",
      "time": "1732564179553000000",
      "tradeId": "10851500489984001",
      "type": "match",
      "time_received": "19:49:39.6144"
    },
    {
      "makerOrderId": "6744d4d3c5ba740007bbc6d8",
      "price": "1.47796",
      "sequence": "10851500490246145",
      "side": "sell",
      "size": "810",
      "symbol": "XRP-USDT",
      "takerOrderId": "6744d4d3df6f6e0007a74cdc",
      "time": "1732564179553000000",
      "tradeId": "10851500490246145",
      "type": "match",
      "time_received": "19:49:39.6145"
    },
    {
      "makerOrderId": "6744d4d3ae93cc0007fbf144",
      "price": "1.4779",
      "sequence": "10851500490246148",
      "side": "sell",
      "size": "67.6694",
      "symbol": "XRP-USDT",
      "takerOrderId": "6744d4d3df6f6e0007a74cdc",
      "time": "1732564179553000000",
      "tradeId": "10851500490246148",
      "type": "match",
      "time_received": "19:49:39.6145"
    },
    {
      "makerOrderId": "6744d4d36967d3000736fc16",
      "price": "1.47789",
      "sequence": "10851500490246151",
      "side": "sell",
      "size": "316.6",
      "symbol": "XRP-USDT",
      "takerOrderId": "6744d4d3df6f6e0007a74cdc",
      "time": "1732564179553000000",
      "tradeId": "10851500490246151",
      "type": "match",
      "time_received": "19:49:39.6146"
    },
    {
      "makerOrderId": "6744d4d331d09500075e5f29",
      "price": "1.47747",
      "sequence": "10851500670994433",
      "side": "sell",
      "size": "85.5191",
      "symbol": "XRP-USDT",
      "takerOrderId": "6744d4d3d52cb800073101e8",
      "time": "1732564179989000000",
      "tradeId": "10851500670994433",
      "type": "match",
      "time_received": "19:49:40.0528"
    },
    {
      "makerOrderId": "6744d4d4c65bf700076679aa",
      "price": "1.47748",
      "sequence": "10851500716083201",
      "side": "sell",
      "size": "217.3443",
      "symbol": "XRP-USDT",
      "takerOrderId": "6744d4d4df6f6e0007a750ee",
      "time": "1732564180308000000",
      "tradeId": "10851500716083201",
      "type": "match",
      "time_received": "19:49:40.3731"
    },
    {
      "makerOrderId": "6744d4d331d09500075e5f29",
      "price": "1.47747",
      "sequence": "10851500716083204",
      "side": "sell",
      "size": "724.4809",
      "symbol": "XRP-USDT",
      "takerOrderId": "6744d4d4df6f6e0007a750ee",
      "time": "1732564180308000000",
      "tradeId": "10851500716083204",
      "type": "match",
      "time_received": "19:49:40.3731"
    },
    {
      "makerOrderId": "6744d4d4f15b270007d3abcf",
      "price": "1.47729",
      "sequence": "10851500716083207",
      "side": "sell",
      "size": "1.2259",
      "symbol": "XRP-USDT",
      "takerOrderId": "6744d4d4df6f6e0007a750ee",
      "time": "1732564180308000000",
      "tradeId": "10851500716083207",
      "type": "match",
      "time_received": "19:49:40.3731"
    },
    {
      "makerOrderId": "6744d4d437061e000777f011",
      "price": "1.47729",
      "sequence": "10851500716083210",
      "side": "sell",
      "size": "1.2259",
      "symbol": "XRP-USDT",
      "takerOrderId": "6744d4d4df6f6e0007a750ee",
      "time": "1732564180308000000",
      "tradeId": "10851500716083210",
      "type": "match",
      "time_received": "19:49:40.3732"
    },
    {
      "makerOrderId": "6744d4d4f4a7c50007cdcc57",
      "price": "1.47729",
      "sequence": "10851500716083213",
      "side": "sell",
      "size": "67.6932",
      "symbol": "XRP-USDT",
      "takerOrderId": "6744d4d4df6f6e0007a750ee",
      "time": "1732564180308000000",
      "tradeId": "10851500716083213",
      "type": "match",
      "time_received": "19:49:40.3735"
    },
    {
      "makerOrderId": "6744d4d3c5ba740007bbc961",
      "price": "1.47717",
      "sequence": "10851500716083216",
      "side": "sell",
      "size": "316.6",
      "symbol": "XRP-USDT",
      "takerOrderId": "6744d4d4df6f6e0007a750ee",
      "time": "1732564180308000000",
      "tradeId": "10851500716083216",
      "type": "match",
      "time_received": "19:49:40.3736"
    },
    {
      "makerOrderId": "6744d4d4c65bf7000766797b",
      "price": "1.47714",
      "sequence": "10851500716083219",
      "side": "sell",
      "size": "308.1076",
      "symbol": "XRP-USDT",
      "takerOrderId": "6744d4d4df6f6e0007a750ee",
      "time": "1732564180308000000",
      "tradeId": "10851500716083219",
      "type": "match",
      "time_received": "19:49:40.3737"
    },
    {
      "makerOrderId": "6744d4d4f15b270007d3ac87",
      "price": "1.47713",
      "sequence": "10851500716083222",
      "side": "sell",
      "size": "824",
      "symbol": "XRP-USDT",
      "takerOrderId": "6744d4d4df6f6e0007a750ee",
      "time": "1732564180308000000",
      "tradeId": "10851500716083222",
      "type": "match",
      "time_received": "19:49:40.3737"
    },
    {
      "makerOrderId": "6744d4d3b7e21a000796fc2a",
      "price": "1.47711",
      "sequence": "10851500716083225",
      "side": "sell",
      "size": "203.0253",
      "symbol": "XRP-USDT",
      "takerOrderId": "6744d4d4df6f6e0007a750ee",
      "time": "1732564180308000000",
      "tradeId": "10851500716083225",
      "type": "match",
      "time_received": "19:49:40.3737"
    },
    {
      "makerOrderId": "6744d4d14fe74600072e0be0",
      "price": "1.47686",
      "sequence": "10851500716083228",
      "side": "sell",
      "size": "203.0253",
      "symbol": "XRP-USDT",
      "takerOrderId": "6744d4d4df6f6e0007a750ee",
      "time": "1732564180308000000",
      "tradeId": "10851500716083228",
      "type": "match",
      "time_received": "19:49:40.3737"
    },
    {
      "makerOrderId": "6744d4d3088f010007dbb11b",
      "price": "1.47683",
      "sequence": "10851500716083231",
      "side": "sell",
      "size": "7.4445",
      "symbol": "XRP-USDT",
      "takerOrderId": "6744d4d4df6f6e0007a750ee",
      "time": "1732564180308000000",
      "tradeId": "10851500716083231",
      "type": "match",
      "time_received": "19:49:40.3737"
    },
    {
      "makerOrderId": "6744d4d3c65bf700076676ef",
      "price": "1.47673",
      "sequence": "10851500716083234",
      "side": "sell",
      "size": "243",
      "symbol": "XRP-USDT",
      "takerOrderId": "6744d4d4df6f6e0007a750ee",
      "time": "1732564180308000000",
      "tradeId": "10851500716083234",
      "type": "match",
      "time_received": "19:49:40.3739"
    },
    {
      "makerOrderId": "6744d4d3d52cb8000731003b",
      "price": "1.47672",
      "sequence": "10851500716083237",
      "side": "sell",
      "size": "810",
      "symbol": "XRP-USDT",
      "takerOrderId": "6744d4d4df6f6e0007a750ee",
      "time": "1732564180308000000",
      "tradeId": "10851500716083237",
      "type": "match",
      "time_received": "19:49:40.3739"
    },
    {
      "makerOrderId": "6744d4d3b7e21a000796ffc5",
      "price": "1.47671",
      "sequence": "10851500716083240",
      "side": "sell",
      "size": "897.0275",
      "symbol": "XRP-USDT",
      "takerOrderId": "6744d4d4df6f6e0007a750ee",
      "time": "1732564180308000000",
      "tradeId": "10851500716083240",
      "type": "match",
      "time_received": "19:49:40.3740"
    },
    {
      "makerOrderId": "6744d4d0f4a7c50007cdb878",
      "price": "1.4767",
      "sequence": "10851500716083243",
      "side": "sell",
      "size": "2190.0916",
      "symbol": "XRP-USDT",
      "takerOrderId": "6744d4d4df6f6e0007a750ee",
      "time": "1732564180308000000",
      "tradeId": "10851500716083243",
      "type": "match",
      "time_received": "19:49:40.3740"
    },
    {
      "makerOrderId": "6744d4d3df6f6e0007a74dba",
      "price": "1.47666",
      "sequence": "10851500716083246",
      "side": "sell",
      "size": "681.6737",
      "symbol": "XRP-USDT",
      "takerOrderId": "6744d4d4df6f6e0007a750ee",
      "time": "1732564180308000000",
      "tradeId": "10851500716083246",
      "type": "match",
      "time_received": "19:49:40.3740"
    },
    {
      "makerOrderId": "6744d4d4f15b270007d3b019",
      "price": "1.47791",
      "sequence": "10851500849383425",
      "side": "buy",
      "size": "67.6932",
      "symbol": "XRP-USDT",
      "takerOrderId": "6744d4d4312aa000074a0ad7",
      "time": "1732564180942000000",
      "tradeId": "10851500849383425",
      "type": "match",
      "time_received": "19:49:41.0036"
    },
    {
      "makerOrderId": "6744d4d4cf286a0007722bb4",
      "price": "1.47792",
      "sequence": "10851500849383428",
      "side": "buy",
      "size": "810",
      "symbol": "XRP-USDT",
      "takerOrderId": "6744d4d4312aa000074a0ad7",
      "time": "1732564180942000000",
      "tradeId": "10851500849383428",
      "type": "match",
      "time_received": "19:49:41.0036"
    },
    {
      "makerOrderId": "6744d4d4df6f6e0007a752bc",
      "price": "1.47818",
      "sequence": "10851500849383431",
      "side": "buy",
      "size": "1.2252",
      "symbol": "XRP-USDT",
      "takerOrderId": "6744d4d4312aa000074a0ad7",
      "time": "1732564180942000000",
      "tradeId": "10851500849383431",
      "type": "match",
      "time_received": "19:49:41.0038"
    },
    {
      "makerOrderId": "6744d4d437061e000777f299",
      "price": "1.47818",
      "sequence": "10851500849383434",
      "side": "buy",
      "size": "1.2252",
      "symbol": "XRP-USDT",
      "takerOrderId": "6744d4d4312aa000074a0ad7",
      "time": "1732564180942000000",
      "tradeId": "10851500849383434",
      "type": "match",
      "time_received": "19:49:41.0038"
    },
    {
      "makerOrderId": "6744d4d367cdc900077ef58f",
      "price": "1.47823",
      "sequence": "10851500849383437",
      "side": "buy",
      "size": "171.8415",
      "symbol": "XRP-USDT",
      "takerOrderId": "6744d4d4312aa000074a0ad7",
      "time": "1732564180942000000",
      "tradeId": "10851500849383437",
      "type": "match",
      "time_received": "19:49:41.0039"
    },
    {
      "makerOrderId": "6744d4d5ae93cc0007fbfa83",
      "price": "1.47728",
      "sequence": "10851501009029121",
      "side": "sell",
      "size": "1.2259",
      "symbol": "XRP-USDT",
      "takerOrderId": "6744d4d537061e000777f6b6",
      "time": "1732564181393000000",
      "tradeId": "10851501009029121",
      "type": "match",
      "time_received": "19:49:41.4520"
    },
    {
      "makerOrderId": "6744d4d56967d300073705b5",
      "price": "1.47728",
      "sequence": "10851501009029124",
      "side": "sell",
      "size": "1.2259",
      "symbol": "XRP-USDT",
      "takerOrderId": "6744d4d537061e000777f6b6",
      "time": "1732564181393000000",
      "tradeId": "10851501009029124",
      "type": "match",
      "time_received": "19:49:41.4521"
    },
    {
      "makerOrderId": "6744d4d54fe74600072e2015",
      "price": "1.47714",
      "sequence": "10851501009029127",
      "side": "sell",
      "size": "314.1482",
      "symbol": "XRP-USDT",
      "takerOrderId": "6744d4d537061e000777f6b6",
      "time": "1732564181393000000",
      "tradeId": "10851501009029127",
      "type": "match",
      "time_received": "19:49:41.4635"
    },
    {
      "makerOrderId": "6744d4d5f4f1200007ebed3f",
      "price": "1.47743",
      "sequence": "10851501010601985",
      "side": "sell",
      "size": "243",
      "symbol": "XRP-USDT",
      "takerOrderId": "6744d4d537061e000777f6ba",
      "time": "1732564181394000000",
      "tradeId": "10851501010601985",
      "type": "match",
      "time_received": "19:49:41.4636"
    },
    {
      "makerOrderId": "6744d4d54fe74600072e2015",
      "price": "1.47714",
      "sequence": "10851501011650561",
      "side": "sell",
      "size": "2.4518",
      "symbol": "XRP-USDT",
      "takerOrderId": "6744d4d56967d300073707e9",
      "time": "1732564181394000000",
      "tradeId": "10851501011650561",
      "type": "match",
      "time_received": "19:49:41.4637"
    },
    {
      "makerOrderId": "6744d4daf4a7c50007cdf256",
      "price": "1.47695",
      "sequence": "10851502495385601",
      "side": "buy",
      "size": "67.6694",
      "symbol": "XRP-USDT",
      "takerOrderId": "6744d4db1586c10007d234e5",
      "time": "1732564187400000000",
      "tradeId": "10851502495385601",
      "type": "match",
      "time_received": "19:49:47.4616"
    },
    {
      "makerOrderId": "6744d4db68486d0007bd6c67",
      "price": "1.47695",
      "sequence": "10851502495385604",
      "side": "buy",
      "size": "1286.2013",
      "symbol": "XRP-USDT",
      "takerOrderId": "6744d4db1586c10007d234e5",
      "time": "1732564187400000000",
      "tradeId": "10851502495385604",
      "type": "match",
      "time_received": "19:49:47.4617"
    },
    {
      "makerOrderId": "6744d4dbc5ba740007bbf5b6",
      "price": "1.47736",
      "sequence": "10851502511900673",
      "side": "sell",
      "size": "1641.6735",
      "symbol": "XRP-USDT",
      "takerOrderId": "6744d4dbf15b270007d3d588",
      "time": "1732564187430000000",
      "tradeId": "10851502511900673",
      "type": "match",
      "time_received": "19:49:47.4930"
    },
    {
      "makerOrderId": "6744d4dc0d85530007527a3a",
      "price": "1.47732",
      "sequence": "10851502818478081",
      "side": "buy",
      "size": "810",
      "symbol": "XRP-USDT",
      "takerOrderId": "6744d4dc6967d30007373181",
      "time": "1732564189017000000",
      "tradeId": "10851502818478081",
      "type": "match",
      "time_received": "19:49:49.0805"
    },
    {
      "makerOrderId": "6744d4dc088f010007dbe417",
      "price": "1.47734",
      "sequence": "10851502818478084",
      "side": "buy",
      "size": "243.3678",
      "symbol": "XRP-USDT",
      "takerOrderId": "6744d4dc6967d30007373181",
      "time": "1732564189017000000",
      "tradeId": "10851502818478084",
      "type": "match",
      "time_received": "19:49:49.0806"
    },
    {
      "makerOrderId": "6744d4dcf15b270007d3dc65",
      "price": "1.47735",
      "sequence": "10851502818478087",
      "side": "buy",
      "size": "810",
      "symbol": "XRP-USDT",
      "takerOrderId": "6744d4dc6967d30007373181",
      "time": "1732564189017000000",
      "tradeId": "10851502818478087",
      "type": "match",
      "time_received": "19:49:49.0808"
    },
    {
      "makerOrderId": "6744d4da0d85530007526e5d",
      "price": "1.47762",
      "sequence": "10851502818478090",
      "side": "buy",
      "size": "1220.5086",
      "symbol": "XRP-USDT",
      "takerOrderId": "6744d4dc6967d30007373181",
      "time": "1732564189017000000",
      "tradeId": "10851502818478090",
      "type": "match",
      "time_received": "19:49:49.0808"
    },
    {
      "makerOrderId": "6744d4da67cdc900077f1c28",
      "price": "1.47763",
      "sequence": "10851502818478093",
      "side": "buy",
      "size": "1697.4699",
      "symbol": "XRP-USDT",
      "takerOrderId": "6744d4dc6967d30007373181",
      "time": "1732564189017000000",
      "tradeId": "10851502818478093",
      "type": "match",
      "time_received": "19:49:49.0809"
    },
    {
      "makerOrderId": "6744d4ddd52cb800073136c2",
      "price": "1.47735",
      "sequence": "10851502963705857",
      "side": "buy",
      "size": "201.5408",
      "symbol": "XRP-USDT",
      "takerOrderId": "6744d4dd088f010007dbe796",
      "time": "1732564189826000000",
      "tradeId": "10851502963705857",
      "type": "match",
      "time_received": "19:49:49.8852"
    },
    {
      "makerOrderId": "6744d4dd31d09500075e9603",
      "price": "1.47721",
      "sequence": "10851503120467969",
      "side": "buy",
      "size": "93.6834",
      "symbol": "XRP-USDT",
      "takerOrderId": "6744d4ded52cb80007313afe",
      "time": "1732564190760000000",
      "tradeId": "10851503120467969",
      "type": "match",
      "time_received": "19:49:50.8232"
    },
    {
      "makerOrderId": "6744d4e1f15b270007d3f485",
      "price": "1.47778",
      "sequence": "10851504112289793",
      "side": "buy",
      "size": "676.6002",
      "symbol": "XRP-USDT",
      "takerOrderId": "6744d4e3f4a7c50007ce1c8e",
      "time": "1732564195414000000",
      "tradeId": "10851504112289793",
      "type": "match",
      "time_received": "19:49:55.4788"
    },
    {
      "makerOrderId": "6744d1d037061e000763934b",
      "price": "1.47826",
      "sequence": "10851504882337793",
      "side": "buy",
      "size": "0.1627",
      "symbol": "XRP-USDT",
      "takerOrderId": "6744d4e6d52cb80007316412",
      "time": "1732564198722000000",
      "tradeId": "10851504882337793",
      "type": "match",
      "time_received": "19:49:58.7825"
    },
    {
      "makerOrderId": "6744d1d2088f010007c76908",
      "price": "1.47826",
      "sequence": "10851504882337796",
      "side": "buy",
      "size": "3.5986",
      "symbol": "XRP-USDT",
      "takerOrderId": "6744d4e6d52cb80007316412",
      "time": "1732564198722000000",
      "tradeId": "10851504882337796",
      "type": "match",
      "time_received": "19:49:58.7825"
    },
    {
      "makerOrderId": "6744d1d2f1bf400007b39f53",
      "price": "1.47826",
      "sequence": "10851504882337799",
      "side": "buy",
      "size": "0.1397",
      "symbol": "XRP-USDT",
      "takerOrderId": "6744d4e6d52cb80007316412",
      "time": "1732564198722000000",
      "tradeId": "10851504882337799",
      "type": "match",
      "time_received": "19:49:58.7831"
    },
    {
      "makerOrderId": "6744d1d2ae93cc0007e7a9ce",
      "price": "1.47826",
      "sequence": "10851504882337802",
      "side": "buy",
      "size": "1.2302",
      "symbol": "XRP-USDT",
      "takerOrderId": "6744d4e6d52cb80007316412",
      "time": "1732564198722000000",
      "tradeId": "10851504882337802",
      "type": "match",
      "time_received": "19:49:58.7832"
    },
    {
      "makerOrderId": "6744d1d20d855300073e032f",
      "price": "1.47826",
      "sequence": "10851504882337805",
      "side": "buy",
      "size": "1.1453",
      "symbol": "XRP-USDT",
      "takerOrderId": "6744d4e6d52cb80007316412",
      "time": "1732564198722000000",
      "tradeId": "10851504882337805",
      "type": "match",
      "time_received": "19:49:58.7833"
    },
    {
      "makerOrderId": "6744d1d24fe746000719d184",
      "price": "1.47826",
      "sequence": "10851504882337808",
      "side": "buy",
      "size": "0.1489",
      "symbol": "XRP-USDT",
      "takerOrderId": "6744d4e6d52cb80007316412",
      "time": "1732564198722000000",
      "tradeId": "10851504882337808",
      "type": "match",
      "time_received": "19:49:58.7833"
    },
    {
      "makerOrderId": "6744d1d237061e000763a8dd",
      "price": "1.47826",
      "sequence": "10851504882337811",
      "side": "buy",
      "size": "0.1233",
      "symbol": "XRP-USDT",
      "takerOrderId": "6744d4e6d52cb80007316412",
      "time": "1732564198722000000",
      "tradeId": "10851504882337811",
      "type": "match",
      "time_received": "19:49:58.7834"
    },
    {
      "makerOrderId": "6744d4e6cf286a000772893f",
      "price": "1.47828",
      "sequence": "10851504882337814",
      "side": "buy",
      "size": "1.419",
      "symbol": "XRP-USDT",
      "takerOrderId": "6744d4e6d52cb80007316412",
      "time": "1732564198722000000",
      "tradeId": "10851504882337814",
      "type": "match",
      "time_received": "19:49:58.7835"
    },
    {
      "makerOrderId": "6744d4e9f15b270007d42359",
      "price": "1.47753",
      "sequence": "10851505908500481",
      "side": "sell",
      "size": "124.8",
      "symbol": "XRP-USDT",
      "takerOrderId": "6744d4eaae93cc0007fc6e1d",
      "time": "1732564202167000000",
      "tradeId": "10851505908500481",
      "type": "match",
      "time_received": "19:50:02.2300"
    },
    {
      "makerOrderId": "6744d4eacf286a000772a0f0",
      "price": "1.47757",
      "sequence": "10851505934452737",
      "side": "sell",
      "size": "2.4303",
      "symbol": "XRP-USDT",
      "takerOrderId": "6744d4eab7e21a0007977b8c",
      "time": "1732564202259000000",
      "tradeId": "10851505934452737",
      "type": "match",
      "time_received": "19:50:02.3231"
    },
    {
      "makerOrderId": "6744d4eacf286a000772a0f0",
      "price": "1.47757",
      "sequence": "10851505938384897",
      "side": "sell",
      "size": "2.8205",
      "symbol": "XRP-USDT",
      "takerOrderId": "6744d4ea31d09500075edc31",
      "time": "1732564202281000000",
      "tradeId": "10851505938384897",
      "type": "match",
      "time_received": "19:50:02.3438"
    },
    {
      "makerOrderId": "6744d4ea1586c10007d28586",
      "price": "1.47765",
      "sequence": "10851505947691009",
      "side": "sell",
      "size": "2.8205",
      "symbol": "XRP-USDT",
      "takerOrderId": "6744d4eac65bf7000766f306",
      "time": "1732564202307000000",
      "tradeId": "10851505947691009",
      "type": "match",
      "time_received": "19:50:02.3702"
    },
    {
      "makerOrderId": "6744d4eac65bf7000766f32e",
      "price": "1.4778",
      "sequence": "10851505954768897",
      "side": "sell",
      "size": "2.8205",
      "symbol": "XRP-USDT",
      "takerOrderId": "6744d4eac5ba740007bc4647",
      "time": "1732564202336000000",
      "tradeId": "10851505954768897",
      "type": "match",
      "time_received": "19:50:02.3996"
    },
    {
      "makerOrderId": "6744d4eac65bf7000766f32e",
      "price": "1.4778",
      "sequence": "10851505958045697",
      "side": "sell",
      "size": "2.8205",
      "symbol": "XRP-USDT",
      "takerOrderId": "6744d4ea37061e0007786985",
      "time": "1732564202364000000",
      "tradeId": "10851505958045697",
      "type": "match",
      "time_received": "19:50:02.4273"
    },
    {
      "makerOrderId": "6744d4eac65bf7000766f32e",
      "price": "1.4778",
      "sequence": "10851505963550721",
      "side": "sell",
      "size": "2.8205",
      "symbol": "XRP-USDT",
      "takerOrderId": "6744d4ea6967d30007377b6c",
      "time": "1732564202392000000",
      "tradeId": "10851505963550721",
      "type": "match",
      "time_received": "19:50:02.4613"
    },
    {
      "makerOrderId": "6744d4eac65bf7000766f32e",
      "price": "1.4778",
      "sequence": "10851505966827521",
      "side": "sell",
      "size": "2.8205",
      "symbol": "XRP-USDT",
      "takerOrderId": "6744d4ea0d8553000752c4ef",
      "time": "1732564202418000000",
      "tradeId": "10851505966827521",
      "type": "match",
      "time_received": "19:50:02.4794"
    },
    {
      "makerOrderId": "6744d4eac65bf7000766f32e",
      "price": "1.4778",
      "sequence": "10851505972725761",
      "side": "sell",
      "size": "2.8205",
      "symbol": "XRP-USDT",
      "takerOrderId": "6744d4ea1586c10007d2862b",
      "time": "1732564202444000000",
      "tradeId": "10851505972725761",
      "type": "match",
      "time_received": "19:50:02.5075"
    },
    {
      "makerOrderId": "6744d4eac65bf7000766f32e",
      "price": "1.4778",
      "sequence": "10851505983473665",
      "side": "sell",
      "size": "2.8205",
      "symbol": "XRP-USDT",
      "takerOrderId": "6744d4eaf4a7c50007ce46bd",
      "time": "1732564202474000000",
      "tradeId": "10851505983473665",
      "type": "match",
      "time_received": "19:50:02.5353"
    },
    {
      "makerOrderId": "6744d4eac65bf7000766f32e",
      "price": "1.4778",
      "sequence": "10851505987536897",
      "side": "sell",
      "size": "2.8205",
      "symbol": "XRP-USDT",
      "takerOrderId": "6744d4ea6967d30007377c13",
      "time": "1732564202489000000",
      "tradeId": "10851505987536897",
      "type": "match",
      "time_received": "19:50:02.5511"
    },
    {
      "makerOrderId": "6744d4eac65bf7000766f32e",
      "price": "1.4778",
      "sequence": "10851505989765121",
      "side": "sell",
      "size": "2.8205",
      "symbol": "XRP-USDT",
      "takerOrderId": "6744d4ea1586c10007d2869f",
      "time": "1732564202499000000",
      "tradeId": "10851505989765121",
      "type": "match",
      "time_received": "19:50:02.5626"
    },
    {
      "makerOrderId": "6744d4eac65bf7000766f32e",
      "price": "1.4778",
      "sequence": "10851505994876929",
      "side": "sell",
      "size": "2.8205",
      "symbol": "XRP-USDT",
      "takerOrderId": "6744d4eaf4f1200007ec60f9",
      "time": "1732564202527000000",
      "tradeId": "10851505994876929",
      "type": "match",
      "time_received": "19:50:02.5890"
    },
    {
      "makerOrderId": "6744d4eac65bf7000766f32e",
      "price": "1.4778",
      "sequence": "10851506000119809",
      "side": "sell",
      "size": "2.8205",
      "symbol": "XRP-USDT",
      "takerOrderId": "6744d4eaf1bf400007c86690",
      "time": "1732564202552000000",
      "tradeId": "10851506000119809",
      "type": "match",
      "time_received": "19:50:02.6144"
    },
    {
      "makerOrderId": "6744d4eac65bf7000766f32e",
      "price": "1.4778",
      "sequence": "10851506001430529",
      "side": "sell",
      "size": "2.8205",
      "symbol": "XRP-USDT",
      "takerOrderId": "6744d4ea31d09500075eddbb",
      "time": "1732564202563000000",
      "tradeId": "10851506001430529",
      "type": "match",
      "time_received": "19:50:02.6257"
    },
    {
      "makerOrderId": "6744d4eaf15b270007d42759",
      "price": "1.47769",
      "sequence": "10851506004576257",
      "side": "sell",
      "size": "2.8205",
      "symbol": "XRP-USDT",
      "takerOrderId": "6744d4ea68486d0007bdbdc8",
      "time": "1732564202591000000",
      "tradeId": "10851506004576257",
      "type": "match",
      "time_received": "19:50:02.6532"
    },
    {
      "makerOrderId": "6744d4eaf15b270007d42759",
      "price": "1.47769",
      "sequence": "10851506007984129",
      "side": "sell",
      "size": "2.8205",
      "symbol": "XRP-USDT",
      "takerOrderId": "6744d4eaf1bf400007c866d5",
      "time": "1732564202603000000",
      "tradeId": "10851506007984129",
      "type": "match",
      "time_received": "19:50:02.6657"
    },
    {
      "makerOrderId": "6744d4eaae93cc0007fc7028",
      "price": "1.47773",
      "sequence": "10851506013489153",
      "side": "sell",
      "size": "2.8205",
      "symbol": "XRP-USDT",
      "takerOrderId": "6744d4eaf1bf400007c866e9",
      "time": "1732564202617000000",
      "tradeId": "10851506013489153",
      "type": "match",
      "time_received": "19:50:02.6805"
    },
    {
      "makerOrderId": "6744d4eaae93cc0007fc7028",
      "price": "1.47773",
      "sequence": "10851506017421313",
      "side": "sell",
      "size": "2.8205",
      "symbol": "XRP-USDT",
      "takerOrderId": "6744d4ea31d09500075ede13",
      "time": "1732564202634000000",
      "tradeId": "10851506017421313",
      "type": "match",
      "time_received": "19:50:02.6966"
    },
    {
      "makerOrderId": "6744d4eaae93cc0007fc7028",
      "price": "1.47773",
      "sequence": "10851506020829185",
      "side": "sell",
      "size": "2.8205",
      "symbol": "XRP-USDT",
      "takerOrderId": "6744d4ea31d09500075ede29",
      "time": "1732564202646000000",
      "tradeId": "10851506020829185",
      "type": "match",
      "time_received": "19:50:02.7070"
    },
    {
      "makerOrderId": "6744d4eaae93cc0007fc7028",
      "price": "1.47773",
      "sequence": "10851506023581697",
      "side": "sell",
      "size": "2.8205",
      "symbol": "XRP-USDT",
      "takerOrderId": "6744d4eac65bf7000766f4eb",
      "time": "1732564202660000000",
      "tradeId": "10851506023581697",
      "type": "match",
      "time_received": "19:50:02.7203"
    },
    {
      "makerOrderId": "6744d4eaae93cc0007fc7028",
      "price": "1.47773",
      "sequence": "10851506026596353",
      "side": "sell",
      "size": "2.8205",
      "symbol": "XRP-USDT",
      "takerOrderId": "6744d4eaf4f1200007ec61c7",
      "time": "1732564202674000000",
      "tradeId": "10851506026596353",
      "type": "match",
      "time_received": "19:50:02.7367"
    },
    {
      "makerOrderId": "6744d4eaae93cc0007fc7028",
      "price": "1.47773",
      "sequence": "10851506033674241",
      "side": "sell",
      "size": "2.8205",
      "symbol": "XRP-USDT",
      "takerOrderId": "6744d4eadf6f6e0007a7cc51",
      "time": "1732564202704000000",
      "tradeId": "10851506033674241",
      "type": "match",
      "time_received": "19:50:02.7667"
    },
    {
      "makerOrderId": "6744d4eaae93cc0007fc7028",
      "price": "1.47773",
      "sequence": "10851506041669633",
      "side": "sell",
      "size": "2.8205",
      "symbol": "XRP-USDT",
      "takerOrderId": "6744d4eaf15b270007d4280c",
      "time": "1732564202731000000",
      "tradeId": "10851506041669633",
      "type": "match",
      "time_received": "19:50:02.7906"
    },
    {
      "makerOrderId": "6744d4eaae93cc0007fc7028",
      "price": "1.47773",
      "sequence": "10851506052417537",
      "side": "sell",
      "size": "2.8205",
      "symbol": "XRP-USDT",
      "takerOrderId": "6744d4ea088f010007dc2fa4",
      "time": "1732564202756000000",
      "tradeId": "10851506052417537",
      "type": "match",
      "time_received": "19:50:02.8137"
    },
    {
      "makerOrderId": "6744d4eaae93cc0007fc7028",
      "price": "1.47773",
      "sequence": "10851506059233281",
      "side": "sell",
      "size": "2.8205",
      "symbol": "XRP-USDT",
      "takerOrderId": "6744d4eab7e21a0007977e2e",
      "time": "1732564202771000000",
      "tradeId": "10851506059233281",
      "type": "match",
      "time_received": "19:50:02.8328"
    },
    {
      "makerOrderId": "6744d4eaae93cc0007fc7028",
      "price": "1.47773",
      "sequence": "10851506066442241",
      "side": "sell",
      "size": "2.8205",
      "symbol": "XRP-USDT",
      "takerOrderId": "6744d4eaf1bf400007c867ca",
      "time": "1732564202786000000",
      "tradeId": "10851506066442241",
      "type": "match",
      "time_received": "19:50:02.8488"
    },
    {
      "makerOrderId": "6744d4eaae93cc0007fc7028",
      "price": "1.47773",
      "sequence": "10851506077321217",
      "side": "sell",
      "size": "2.8205",
      "symbol": "XRP-USDT",
      "takerOrderId": "6744d4eaae93cc0007fc713c",
      "time": "1732564202815000000",
      "tradeId": "10851506077321217",
      "type": "match",
      "time_received": "19:50:02.8724"
    },
    {
      "makerOrderId": "6744d4eaae93cc0007fc7028",
      "price": "1.47773",
      "sequence": "10851506081122305",
      "side": "sell",
      "size": "2.8205",
      "symbol": "XRP-USDT",
      "takerOrderId": "6744d4eab7e21a0007977e86",
      "time": "1732564202830000000",
      "tradeId": "10851506081122305",
      "type": "match",
      "time_received": "19:50:02.8909"
    },
    {
      "makerOrderId": "6744d4eaae93cc0007fc7028",
      "price": "1.47773",
      "sequence": "10851506085709825",
      "side": "sell",
      "size": "2.8205",
      "symbol": "XRP-USDT",
      "takerOrderId": "6744d4eaf4a7c50007ce48bd",
      "time": "1732564202845000000",
      "tradeId": "10851506085709825",
      "type": "match",
      "time_received": "19:50:02.9024"
    },
    {
      "makerOrderId": "6744d4eaae93cc0007fc7028",
      "price": "1.47773",
      "sequence": "10851506090690561",
      "side": "sell",
      "size": "2.8205",
      "symbol": "XRP-USDT",
      "takerOrderId": "6744d4ea67cdc900077f7578",
      "time": "1732564202872000000",
      "tradeId": "10851506090690561",
      "type": "match",
      "time_received": "19:50:02.9338"
    },
    {
      "makerOrderId": "6744d4eaae93cc0007fc7028",
      "price": "1.47773",
      "sequence": "10851506100389889",
      "side": "sell",
      "size": "2.8205",
      "symbol": "XRP-USDT",
      "takerOrderId": "6744d4eac5ba740007bc4906",
      "time": "1732564202885000000",
      "tradeId": "10851506100389889",
      "type": "match",
      "time_received": "19:50:02.9472"
    },
    {
      "makerOrderId": "6744d4ea4fe74600072e95db",
      "price": "1.4778",
      "sequence": "10851506111399937",
      "side": "sell",
      "size": "2.8205",
      "symbol": "XRP-USDT",
      "takerOrderId": "6744d4eacf286a000772a475",
      "time": "1732564202938000000",
      "tradeId": "10851506111399937",
      "type": "match",
      "time_received": "19:50:03.0005"
    },
    {
      "makerOrderId": "6744d4ea4fe74600072e95db",
      "price": "1.4778",
      "sequence": "10851506124113921",
      "side": "sell",
      "size": "2.8205",
      "symbol": "XRP-USDT",
      "takerOrderId": "6744d4ead52cb80007317f11",
      "time": "1732564202964000000",
      "tradeId": "10851506124113921",
      "type": "match",
      "time_received": "19:50:03.0232"
    },
    {
      "makerOrderId": "6744d4ea4fe74600072e95db",
      "price": "1.4778",
      "sequence": "10851506130798593",
      "side": "sell",
      "size": "2.8205",
      "symbol": "XRP-USDT",
      "takerOrderId": "6744d4eadf6f6e0007a7ce05",
      "time": "1732564202980000000",
      "tradeId": "10851506130798593",
      "type": "match",
      "time_received": "19:50:03.0386"
    },
    {
      "makerOrderId": "6744d4ea4fe74600072e95db",
      "price": "1.4778",
      "sequence": "10851506134599681",
      "side": "sell",
      "size": "2.8205",
      "symbol": "XRP-USDT",
      "takerOrderId": "6744d4ea67cdc900077f7672",
      "time": "1732564202992000000",
      "tradeId": "10851506134599681",
      "type": "match",
      "time_received": "19:50:03.0553"
    },
    {
      "makerOrderId": "6744d4ebc5ba740007bc49ce",
      "price": "1.47788",
      "sequence": "10851506139187201",
      "side": "sell",
      "size": "2.8205",
      "symbol": "XRP-USDT",
      "takerOrderId": "6744d4eb37061e0007786d08",
      "time": "1732564203009000000",
      "tradeId": "10851506139187201",
      "type": "match",
      "time_received": "19:50:03.0722"
    },
    {
      "makerOrderId": "6744d4eb4fe74600072e969f",
      "price": "1.47789",
      "sequence": "10851506146920449",
      "side": "sell",
      "size": "2.8205",
      "symbol": "XRP-USDT",
      "takerOrderId": "6744d4eb4fe74600072e969c",
      "time": "1732564203034000000",
      "tradeId": "10851506146920449",
      "type": "match",
      "time_received": "19:50:03.0955"
    },
    {
      "makerOrderId": "6744d4eb1586c10007d28997",
      "price": "1.47796",
      "sequence": "10851506154391553",
      "side": "sell",
      "size": "2.8205",
      "symbol": "XRP-USDT",
      "takerOrderId": "6744d4ebcf286a000772a563",
      "time": "1732564203051000000",
      "tradeId": "10851506154391553",
      "type": "match",
      "time_received": "19:50:03.1092"
    },
    {
      "makerOrderId": "6744d4eb67cdc900077f76d8",
      "price": "1.47804",
      "sequence": "10851506167236609",
      "side": "sell",
      "size": "2.8205",
      "symbol": "XRP-USDT",
      "takerOrderId": "6744d4ebb7e21a0007978012",
      "time": "1732564203066000000",
      "tradeId": "10851506167236609",
      "type": "match",
      "time_received": "19:50:03.1267"
    },
    {
      "makerOrderId": "6744d4eb0d8553000752c8d5",
      "price": "1.47805",
      "sequence": "10851506173921281",
      "side": "sell",
      "size": "2.8205",
      "symbol": "XRP-USDT",
      "takerOrderId": "6744d4eb67cdc900077f76f6",
      "time": "1732564203079000000",
      "tradeId": "10851506173921281",
      "type": "match",
      "time_received": "19:50:03.1389"
    },
    {
      "makerOrderId": "6744d4ebae93cc0007fc731f",
      "price": "1.47812",
      "sequence": "10851506181785601",
      "side": "sell",
      "size": "2.8205",
      "symbol": "XRP-USDT",
      "takerOrderId": "6744d4ebd52cb80007318003",
      "time": "1732564203091000000",
      "tradeId": "10851506181785601",
      "type": "match",
      "time_received": "19:50:03.1572"
    },
    {
      "makerOrderId": "6744d4ebae93cc0007fc731f",
      "price": "1.47812",
      "sequence": "10851506187159553",
      "side": "sell",
      "size": "2.8205",
      "symbol": "XRP-USDT",
      "takerOrderId": "6744d4eb6967d30007377fac",
      "time": "1732564203104000000",
      "tradeId": "10851506187159553",
      "type": "match",
      "time_received": "19:50:03.1670"
    },
    {
      "makerOrderId": "6744d4ebf1bf400007c86a03",
      "price": "1.47813",
      "sequence": "10851506195023873",
      "side": "sell",
      "size": "2.8205",
      "symbol": "XRP-USDT",
      "takerOrderId": "6744d4eb31d09500075ee0fc",
      "time": "1732564203119000000",
      "tradeId": "10851506195023873",
      "type": "match",
      "time_received": "19:50:03.1769"
    },
    {
      "makerOrderId": "6744d4ebf4f1200007ec6497",
      "price": "1.47828",
      "sequence": "10851506200791041",
      "side": "sell",
      "size": "2.8205",
      "symbol": "XRP-USDT",
      "takerOrderId": "6744d4eb31d09500075ee11f",
      "time": "1732564203138000000",
      "tradeId": "10851506200791041",
      "type": "match",
      "time_received": "19:50:03.2006"
    },
    {
      "makerOrderId": "6744d4ebf4f1200007ec6497",
      "price": "1.47828",
      "sequence": "10851506203936769",
      "side": "sell",
      "size": "2.8205",
      "symbol": "XRP-USDT",
      "takerOrderId": "6744d4ebf15b270007d42b07",
      "time": "1732564203153000000",
      "tradeId": "10851506203936769",
      "type": "match",
      "time_received": "19:50:03.2164"
    },
    {
      "makerOrderId": "6744d4ebf4f1200007ec6497",
      "price": "1.47828",
      "sequence": "10851506208917505",
      "side": "sell",
      "size": "2.8205",
      "symbol": "XRP-USDT",
      "takerOrderId": "6744d4ebf4f1200007ec64ca",
      "time": "1732564203170000000",
      "tradeId": "10851506208917505",
      "type": "match",
      "time_received": "19:50:03.2321"
    },
    {
      "makerOrderId": "6744d4ebf4f1200007ec6497",
      "price": "1.47828",
      "sequence": "10851506214422529",
      "side": "sell",
      "size": "2.8205",
      "symbol": "XRP-USDT",
      "takerOrderId": "6744d4eb0d8553000752c990",
      "time": "1732564203185000000",
      "tradeId": "10851506214422529",
      "type": "match",
      "time_received": "19:50:03.2480"
    },
    {
      "makerOrderId": "6744d4ebf4f1200007ec6497",
      "price": "1.47828",
      "sequence": "10851506217437185",
      "side": "sell",
      "size": "2.8205",
      "symbol": "XRP-USDT",
      "takerOrderId": "6744d4ebf4f1200007ec64fb",
      "time": "1732564203200000000",
      "tradeId": "10851506217437185",
      "type": "match",
      "time_received": "19:50:03.2600"
    },
    {
      "makerOrderId": "6744d182c65bf700074fdd02",
      "price": "1.4783",
      "sequence": "10851506281269249",
      "side": "buy",
      "size": "12.7777",
      "symbol": "XRP-USDT",
      "takerOrderId": "6744d4eb6967d300073781a5",
      "time": "1732564203432000000",
      "tradeId": "10851506281269249",
      "type": "match",
      "time_received": "19:50:03.4957"
    },
    {
      "makerOrderId": "6744d182c65bf700074fdd02",
      "price": "1.4783",
      "sequence": "10851506281400321",
      "side": "buy",
      "size": "203.9384",
      "symbol": "XRP-USDT",
      "takerOrderId": "6744d4ebcf286a000772a7d0",
      "time": "1732564203432000000",
      "tradeId": "10851506281400321",
      "type": "match",
      "time_received": "19:50:03.4958"
    },
    {
      "makerOrderId": "6744d1a6ae93cc0007e66623",
      "price": "1.4783",
      "sequence": "10851506281400324",
      "side": "buy",
      "size": "0.4184",
      "symbol": "XRP-USDT",
      "takerOrderId": "6744d4ebcf286a000772a7d0",
      "time": "1732564203432000000",
      "tradeId": "10851506281400324",
      "type": "match",
      "time_received": "19:50:03.4960"
    },
    {
      "makerOrderId": "6744d18331d095000747cf58",
      "price": "1.47832",
      "sequence": "10851506283890689",
      "side": "buy",
      "size": "21.6879",
      "symbol": "XRP-USDT",
      "takerOrderId": "6744d4ebdf6f6e0007a7d100",
      "time": "1732564203438000000",
      "tradeId": "10851506283890689",
      "type": "match",
      "time_received": "19:50:03.5004"
    },
    {
      "makerOrderId": "6744d189f15b270007bd4b67",
      "price": "1.47833",
      "sequence": "10851506287298561",
      "side": "buy",
      "size": "0.676",
      "symbol": "XRP-USDT",
      "takerOrderId": "6744d4eb37061e0007786fba",
      "time": "1732564203446000000",
      "tradeId": "10851506287298561",
      "type": "match",
      "time_received": "19:50:03.5095"
    },
    {
      "makerOrderId": "6744d1a6f4f1200007d65918",
      "price": "1.47834",
      "sequence": "10851506293458945",
      "side": "buy",
      "size": "0.1516",
      "symbol": "XRP-USDT",
      "takerOrderId": "6744d4eb0d8553000752cb46",
      "time": "1732564203487000000",
      "tradeId": "10851506293458945",
      "type": "match",
      "time_received": "19:50:03.5511"
    },
    {
      "makerOrderId": "6744d1b84fe746000719114d",
      "price": "1.47838",
      "sequence": "10851506294376449",
      "side": "buy",
      "size": "0.2513",
      "symbol": "XRP-USDT",
      "takerOrderId": "6744d4ebcf286a000772a800",
      "time": "1732564203491000000",
      "tradeId": "10851506294376449",
      "type": "match",
      "time_received": "19:50:03.5512"
    },
    {
      "makerOrderId": "6744d182c5ba740007a52c53",
      "price": "1.4784",
      "sequence": "10851506294376452",
      "side": "buy",
      "size": "0.7659",
      "symbol": "XRP-USDT",
      "takerOrderId": "6744d4ebcf286a000772a800",
      "time": "1732564203491000000",
      "tradeId": "10851506294376452",
      "type": "match",
      "time_received": "19:50:03.5512"
    },
    {
      "makerOrderId": "6744d18ac65bf7000750256f",
      "price": "1.4784",
      "sequence": "10851506294376455",
      "side": "buy",
      "size": "0.7768",
      "symbol": "XRP-USDT",
      "takerOrderId": "6744d4ebcf286a000772a800",
      "time": "1732564203491000000",
      "tradeId": "10851506294376455",
      "type": "match",
      "time_received": "19:50:03.5513"
    },
    {
      "makerOrderId": "6744d1c8df6f6e000792c2a8",
      "price": "1.4784",
      "sequence": "10851506294376458",
      "side": "buy",
      "size": "0.9469",
      "symbol": "XRP-USDT",
      "takerOrderId": "6744d4ebcf286a000772a800",
      "time": "1732564203491000000",
      "tradeId": "10851506294376458",
      "type": "match",
      "time_received": "19:50:03.5515"
    },
    {
      "makerOrderId": "6744d1d0f4f1200007d7886c",
      "price": "1.4784",
      "sequence": "10851506294376461",
      "side": "buy",
      "size": "0.4146",
      "symbol": "XRP-USDT",
      "takerOrderId": "6744d4ebcf286a000772a800",
      "time": "1732564203491000000",
      "tradeId": "10851506294376461",
      "type": "match",
      "time_received": "19:50:03.5516"
    },
    {
      "makerOrderId": "6744d1876967d3000720941a",
      "price": "1.47841",
      "sequence": "10851506294376464",
      "side": "buy",
      "size": "0.5417",
      "symbol": "XRP-USDT",
      "takerOrderId": "6744d4ebcf286a000772a800",
      "time": "1732564203491000000",
      "tradeId": "10851506294376464",
      "type": "match",
      "time_received": "19:50:03.5516"
    },
    {
      "makerOrderId": "6744d183b7e21a0007807128",
      "price": "1.47842",
      "sequence": "10851506294376467",
      "side": "buy",
      "size": "0.2859",
      "symbol": "XRP-USDT",
      "takerOrderId": "6744d4ebcf286a000772a800",
      "time": "1732564203491000000",
      "tradeId": "10851506294376467",
      "type": "match",
      "time_received": "19:50:03.5517"
    },
    {
      "makerOrderId": "6744d18731d095000747ee09",
      "price": "1.47842",
      "sequence": "10851506294376470",
      "side": "buy",
      "size": "0.5978",
      "symbol": "XRP-USDT",
      "takerOrderId": "6744d4ebcf286a000772a800",
      "time": "1732564203491000000",
      "tradeId": "10851506294376470",
      "type": "match",
      "time_received": "19:50:03.5517"
    },
    {
      "makerOrderId": "6744d18731d095000747eee1",
      "price": "1.47844",
      "sequence": "10851506294376473",
      "side": "buy",
      "size": "1.4218",
      "symbol": "XRP-USDT",
      "takerOrderId": "6744d4ebcf286a000772a800",
      "time": "1732564203491000000",
      "tradeId": "10851506294376473",
      "type": "match",
      "time_received": "19:50:03.5518"
    },
    {
      "makerOrderId": "6744d1d4f4a7c50007b99591",
      "price": "1.47846",
      "sequence": "10851506294376476",
      "side": "buy",
      "size": "0.6207",
      "symbol": "XRP-USDT",
      "takerOrderId": "6744d4ebcf286a000772a800",
      "time": "1732564203491000000",
      "tradeId": "10851506294376476",
      "type": "match",
      "time_received": "19:50:03.5518"
    },
    {
      "makerOrderId": "6744d1d4f4a7c50007b99591",
      "price": "1.47846",
      "sequence": "10851506524669953",
      "side": "buy",
      "size": "1.2969",
      "symbol": "XRP-USDT",
      "takerOrderId": "6744d4ecf15b270007d4317d",
      "time": "1732564204057000000",
      "tradeId": "10851506524669953",
      "type": "match",
      "time_received": "19:50:04.1193"
    },
    {
      "makerOrderId": "6744d1d20d855300073e0446",
      "price": "1.47847",
      "sequence": "10851506525718529",
      "side": "buy",
      "size": "21.5719",
      "symbol": "XRP-USDT",
      "takerOrderId": "6744d4ec0d8553000752cfc4",
      "time": "1732564204057000000",
      "tradeId": "10851506525718529",
      "type": "match",
      "time_received": "19:50:04.1194"
    },
    {
      "makerOrderId": "6744d1d20d855300073e0446",
      "price": "1.47847",
      "sequence": "10851506606327809",
      "side": "buy",
      "size": "0.0002",
      "symbol": "XRP-USDT",
      "takerOrderId": "6744d4ec68486d0007bdc94b",
      "time": "1732564204223000000",
      "tradeId": "10851506606327809",
      "type": "match",
      "time_received": "19:50:04.2868"
    },
    {
      "makerOrderId": "6744d4ed088f010007dc465f",
      "price": "1.47779",
      "sequence": "10851507509938177",
      "side": "sell",
      "size": "1.2255",
      "symbol": "XRP-USDT",
      "takerOrderId": "6744d4edf15b270007d4441b",
      "time": "1732564205783000000",
      "tradeId": "10851507509938177",
      "type": "match",
      "time_received": "19:50:05.8460"
    },
    {
      "makerOrderId": "6744d4f1f1bf400007c8a055",
      "price": "1.47793",
      "sequence": "10851508856178689",
      "side": "buy",
      "size": "7.0501",
      "symbol": "XRP-USDT",
      "takerOrderId": "6744d4f1c65bf70007672dba",
      "time": "1732564209917000000",
      "tradeId": "10851508856178689",
      "type": "match",
      "time_received": "19:50:09.9772"
    },
    {
      "makerOrderId": "6744d4f3f4f1200007eca57c",
      "price": "1.47717",
      "sequence": "10851509375485953",
      "side": "buy",
      "size": "1.2257",
      "symbol": "XRP-USDT",
      "takerOrderId": "6744d4f337061e000778ae67",
      "time": "1732564211184000000",
      "tradeId": "10851509375485953",
      "type": "match",
      "time_received": "19:50:11.2487"
    },
    {
      "makerOrderId": "6744d4f368486d0007be01d2",
      "price": "1.47756",
      "sequence": "10851509377845249",
      "side": "buy",
      "size": "1.2257",
      "symbol": "XRP-USDT",
      "takerOrderId": "6744d4f3f4f1200007eca580",
      "time": "1732564211185000000",
      "tradeId": "10851509377845249",
      "type": "match",
      "time_received": "19:50:11.2487"
    },
    {
      "makerOrderId": "6744d4f368486d0007be028f",
      "price": "1.4772",
      "sequence": "10851509384267777",
      "side": "buy",
      "size": "676.5451",
      "symbol": "XRP-USDT",
      "takerOrderId": "6744d4f34fe74600072ed8f8",
      "time": "1732564211190000000",
      "tradeId": "10851509384267777",
      "type": "match",
      "time_received": "19:50:11.2530"
    },
    {
      "makerOrderId": "6744d4f368486d0007be028f",
      "price": "1.4772",
      "sequence": "10851509384398849",
      "side": "buy",
      "size": "0.32",
      "symbol": "XRP-USDT",
      "takerOrderId": "6744d4f368486d0007be029b",
      "time": "1732564211190000000",
      "tradeId": "10851509384398849",
      "type": "match",
      "time_received": "19:50:11.2531"
    },
    {
      "makerOrderId": "6744d4f11586c10007d2c047",
      "price": "1.47848",
      "sequence": "10851509404977153",
      "side": "buy",
      "size": "337.952",
      "symbol": "XRP-USDT",
      "takerOrderId": "6744d4f3df6f6e0007a810a8",
      "time": "1732564211204000000",
      "tradeId": "10851509404977153",
      "type": "match",
      "time_received": "19:50:11.2625"
    },
    {
      "makerOrderId": "6744d4f3cf286a000772eb16",
      "price": "1.47838",
      "sequence": "10851509664106497",
      "side": "sell",
      "size": "3.619",
      "symbol": "XRP-USDT",
      "takerOrderId": "6744d4f3f15b270007d4710e",
      "time": "1732564211724000000",
      "tradeId": "10851509664106497",
      "type": "match",
      "time_received": "19:50:11.7871"
    },
    {
      "makerOrderId": "6744d182b7e21a0007805f7c",
      "price": "1.4785",
      "sequence": "10851510061910017",
      "side": "buy",
      "size": "4.3225",
      "symbol": "XRP-USDT",
      "takerOrderId": "6744d4f40d8553000753166d",
      "time": "1732564212470000000",
      "tradeId": "10851510061910017",
      "type": "match",
      "time_received": "19:50:12.5331"
    },
    {
      "makerOrderId": "6744d1e0088f010007c7e25f",
      "price": "1.4785",
      "sequence": "10851510061910020",
      "side": "buy",
      "size": "1.68",
      "symbol": "XRP-USDT",
      "takerOrderId": "6744d4f40d8553000753166d",
      "time": "1732564212470000000",
      "tradeId": "10851510061910020",
      "type": "match",
      "time_received": "19:50:12.5332"
    },
    {
      "makerOrderId": "6744d1e0088f010007c7e25f",
      "price": "1.4785",
      "sequence": "10851510063745025",
      "side": "buy",
      "size": "2.0551",
      "symbol": "XRP-USDT",
      "takerOrderId": "6744d4f44fe74600072ee552",
      "time": "1732564212471000000",
      "tradeId": "10851510063745025",
      "type": "match",
      "time_received": "19:50:12.5333"
    },
    {
      "makerOrderId": "6744d1d4ae93cc0007e7c219",
      "price": "1.47852",
      "sequence": "10851510063745028",
      "side": "buy",
      "size": "8.1246",
      "symbol": "XRP-USDT",
      "takerOrderId": "6744d4f44fe74600072ee552",
      "time": "1732564212471000000",
      "tradeId": "10851510063745028",
      "type": "match",
      "time_received": "19:50:12.5334"
    },
    {
      "makerOrderId": "6744d182f1bf400007b145c5",
      "price": "1.47856",
      "sequence": "10851510063745031",
      "side": "buy",
      "size": "0.1126",
      "symbol": "XRP-USDT",
      "takerOrderId": "6744d4f44fe74600072ee552",
      "time": "1732564212471000000",
      "tradeId": "10851510063745031",
      "type": "match",
      "time_received": "19:50:12.5335"
    },
    {
      "makerOrderId": "6744d4b2088f010007dad07a",
      "price": "1.47856",
      "sequence": "10851510063745034",
      "side": "buy",
      "size": "1194.528",
      "symbol": "XRP-USDT",
      "takerOrderId": "6744d4f44fe74600072ee552",
      "time": "1732564212471000000",
      "tradeId": "10851510063745034",
      "type": "match",
      "time_received": "19:50:12.5335"
    },
    {
      "makerOrderId": "6744d4b2088f010007dad07a",
      "price": "1.47856",
      "sequence": "10851510067415041",
      "side": "buy",
      "size": "1215",
      "symbol": "XRP-USDT",
      "takerOrderId": "6744d4f41586c10007d2d7ad",
      "time": "1732564212472000000",
      "tradeId": "10851510067415041",
      "type": "match",
      "time_received": "19:50:12.5336"
    },
    {
      "makerOrderId": "6744d4b2088f010007dad07a",
      "price": "1.47856",
      "sequence": "10851510067939329",
      "side": "buy",
      "size": "2194.6688",
      "symbol": "XRP-USDT",
      "takerOrderId": "6744d4f4d52cb8000731cdbc",
      "time": "1732564212472000000",
      "tradeId": "10851510067939329",
      "type": "match",
      "time_received": "19:50:12.5336"
    },
    {
      "makerOrderId": "6744d4b2088f010007dad07a",
      "price": "1.47856",
      "sequence": "10851510095857665",
      "side": "buy",
      "size": "1215",
      "symbol": "XRP-USDT",
      "takerOrderId": "6744d4f4f4a7c50007ce9918",
      "time": "1732564212483000000",
      "tradeId": "10851510095857665",
      "type": "match",
      "time_received": "19:50:12.5483"
    },
    {
      "makerOrderId": "6744d4b2088f010007dad07a",
      "price": "1.47856",
      "sequence": "10851510096644097",
      "side": "buy",
      "size": "10.1797",
      "symbol": "XRP-USDT",
      "takerOrderId": "6744d4f4f15b270007d4792a",
      "time": "1732564212483000000",
      "tradeId": "10851510096644097",
      "type": "match",
      "time_received": "19:50:12.5485"
    },
    {
      "makerOrderId": "6744d4b2088f010007dad07a",
      "price": "1.47856",
      "sequence": "10851510166374401",
      "side": "buy",
      "size": "10.1797",
      "symbol": "XRP-USDT",
      "takerOrderId": "6744d4f4f4a7c50007ce9a32",
      "time": "1732564212533000000",
      "tradeId": "10851510166374401",
      "type": "match",
      "time_received": "19:50:12.5933"
    },
    {
      "makerOrderId": "6744d4b2088f010007dad07a",
      "price": "1.47856",
      "sequence": "10851510221817857",
      "side": "buy",
      "size": "977.3811",
      "symbol": "XRP-USDT",
      "takerOrderId": "6744d4f41586c10007d2da36",
      "time": "1732564212589000000",
      "tradeId": "10851510221817857",
      "type": "match",
      "time_received": "19:50:12.6493"
    },
    {
      "makerOrderId": "6744d4b2088f010007dad07a",
      "price": "1.47856",
      "sequence": "10851510294169601",
      "side": "buy",
      "size": "540.442",
      "symbol": "XRP-USDT",
      "takerOrderId": "6744d4f4088f010007dc8430",
      "time": "1732564212721000000",
      "tradeId": "10851510294169601",
      "type": "match",
      "time_received": "19:50:12.7851"
    },
    {
      "makerOrderId": "6744d4b2088f010007dad07a",
      "price": "1.47856",
      "sequence": "10851510299150337",
      "side": "buy",
      "size": "6739.7191",
      "symbol": "XRP-USDT",
      "takerOrderId": "6744d4f4b7e21a000797d28e",
      "time": "1732564212728000000",
      "tradeId": "10851510299150337",
      "type": "match",
      "time_received": "19:50:12.7925"
    },
    {
      "makerOrderId": "6744d4b2088f010007dad07a",
      "price": "1.47856",
      "sequence": "10851510299281409",
      "side": "buy",
      "size": "2055.5263",
      "symbol": "XRP-USDT",
      "takerOrderId": "6744d4f4cf286a000772f807",
      "time": "1732564212728000000",
      "tradeId": "10851510299281409",
      "type": "match",
      "time_received": "19:50:12.7926"
    },
    {
      "makerOrderId": "6744d4b2088f010007dad07a",
      "price": "1.47856",
      "sequence": "10851510299412481",
      "side": "buy",
      "size": "1135.8605",
      "symbol": "XRP-USDT",
      "takerOrderId": "6744d4f4cf286a000772f80f",
      "time": "1732564212729000000",
      "tradeId": "10851510299412481",
      "type": "match",
      "time_received": "19:50:12.7926"
    },
    {
      "makerOrderId": "6744d4b2088f010007dad07a",
      "price": "1.47856",
      "sequence": "10851510299805697",
      "side": "buy",
      "size": "2711.5148",
      "symbol": "XRP-USDT",
      "takerOrderId": "6744d4f4cf286a000772f80a",
      "time": "1732564212729000000",
      "tradeId": "10851510299805697",
      "type": "match",
      "time_received": "19:50:12.7927"
    },
    {
      "makerOrderId": "6744d188f15b270007bd3ef3",
      "price": "1.47858",
      "sequence": "10851510300198913",
      "side": "buy",
      "size": "2.7286",
      "symbol": "XRP-USDT",
      "takerOrderId": "6744d4f4df6f6e0007a82137",
      "time": "1732564212730000000",
      "tradeId": "10851510300198913",
      "type": "match",
      "time_received": "19:50:12.7927"
    },
    {
      "makerOrderId": "6744d182d52cb800071a64f9",
      "price": "1.4786",
      "sequence": "10851510300198916",
      "side": "buy",
      "size": "0.4298",
      "symbol": "XRP-USDT",
      "takerOrderId": "6744d4f4df6f6e0007a82137",
      "time": "1732564212730000000",
      "tradeId": "10851510300198916",
      "type": "match",
      "time_received": "19:50:12.7930"
    },
    {
      "makerOrderId": "6744d1d2c65bf700075231cf",
      "price": "1.4786",
      "sequence": "10851510300198919",
      "side": "buy",
      "size": "0.4848",
      "symbol": "XRP-USDT",
      "takerOrderId": "6744d4f4df6f6e0007a82137",
      "time": "1732564212730000000",
      "tradeId": "10851510300198919",
      "type": "match",
      "time_received": "19:50:12.7930"
    },
    {
      "makerOrderId": "6744d182d52cb800071a64f8",
      "price": "1.4787",
      "sequence": "10851510315534337",
      "side": "buy",
      "size": "8.1632",
      "symbol": "XRP-USDT",
      "takerOrderId": "6744d4f4df6f6e0007a82173",
      "time": "1732564212743000000",
      "tradeId": "10851510315534337",
      "type": "match",
      "time_received": "19:50:12.8055"
    },
    {
      "makerOrderId": "6744d15b67cdc9000767244b",
      "price": "1.47871",
      "sequence": "10851510315534340",
      "side": "buy",
      "size": "0.6094",
      "symbol": "XRP-USDT",
      "takerOrderId": "6744d4f4df6f6e0007a82173",
      "time": "1732564212743000000",
      "tradeId": "10851510315534340",
      "type": "match",
      "time_received": "19:50:12.8055"
    },
    {
      "makerOrderId": "6744d1d231d09500074a1621",
      "price": "1.47871",
      "sequence": "10851510315534343",
      "side": "buy",
      "size": "0.6427",
      "symbol": "XRP-USDT",
      "takerOrderId": "6744d4f4df6f6e0007a82173",
      "time": "1732564212743000000",
      "tradeId": "10851510315534343",
      "type": "match",
      "time_received": "19:50:12.8056"
    },
    {
      "makerOrderId": "6744d1d231d09500074a1621",
      "price": "1.47871",
      "sequence": "10851510326675457",
      "side": "buy",
      "size": "0.0001",
      "symbol": "XRP-USDT",
      "takerOrderId": "6744d4f4ae93cc0007fcc554",
      "time": "1732564212751000000",
      "tradeId": "10851510326675457",
      "type": "match",
      "time_received": "19:50:12.8117"
    },
    {
      "makerOrderId": "6744d0abcf286a0007557ee3",
      "price": "1.47876",
      "sequence": "10851510329165825",
      "side": "buy",
      "size": "6.6558",
      "symbol": "XRP-USDT",
      "takerOrderId": "6744d4f4088f010007dc84b3",
      "time": "1732564212752000000",
      "tradeId": "10851510329165825",
      "type": "match",
      "time_received": "19:50:12.8118"
    },
    {
      "makerOrderId": "6744d18967cdc90007689433",
      "price": "1.47878",
      "sequence": "10851510329165828",
      "side": "buy",
      "size": "1.3912",
      "symbol": "XRP-USDT",
      "takerOrderId": "6744d4f4088f010007dc84b3",
      "time": "1732564212752000000",
      "tradeId": "10851510329165828",
      "type": "match",
      "time_received": "19:50:12.8120"
    },
    {
      "makerOrderId": "6744d18967cdc90007689433",
      "price": "1.47878",
      "sequence": "10851510693152769",
      "side": "buy",
      "size": "0.0001",
      "symbol": "XRP-USDT",
      "takerOrderId": "6744d4f5df6f6e0007a828f8",
      "time": "1732564213421000000",
      "tradeId": "10851510693152769",
      "type": "match",
      "time_received": "19:50:13.4796"
    },
    {
      "makerOrderId": "6744d4f5c5ba740007bca49e",
      "price": "1.47878",
      "sequence": "10851510693152772",
      "side": "buy",
      "size": "1353.8706",
      "symbol": "XRP-USDT",
      "takerOrderId": "6744d4f5df6f6e0007a828f8",
      "time": "1732564213421000000",
      "tradeId": "10851510693152772",
      "type": "match",
      "time_received": "19:50:13.4798"
    },
    {
      "makerOrderId": "6744d1d2088f010007c76629",
      "price": "1.47879",
      "sequence": "10851510695118849",
      "side": "buy",
      "size": "1.4758",
      "symbol": "XRP-USDT",
      "takerOrderId": "6744d4f56967d3000737db2f",
      "time": "1732564213425000000",
      "tradeId": "10851510695118849",
      "type": "match",
      "time_received": "19:50:13.4880"
    },
    {
      "makerOrderId": "6744d181f4f1200007d53e82",
      "price": "1.4788",
      "sequence": "10851510695118852",
      "side": "buy",
      "size": "0.4905",
      "symbol": "XRP-USDT",
      "takerOrderId": "6744d4f56967d3000737db2f",
      "time": "1732564213425000000",
      "tradeId": "10851510695118852",
      "type": "match",
      "time_received": "19:50:13.4882"
    },
    {
      "makerOrderId": "6744d1d2f4a7c50007b981df",
      "price": "1.4788",
      "sequence": "10851510695118855",
      "side": "buy",
      "size": "0.608",
      "symbol": "XRP-USDT",
      "takerOrderId": "6744d4f56967d3000737db2f",
      "time": "1732564213425000000",
      "tradeId": "10851510695118855",
      "type": "match",
      "time_received": "19:50:13.4882"
    },
    {
      "makerOrderId": "6744d1b74fe7460007190f01",
      "price": "1.47884",
      "sequence": "10851510816229377",
      "side": "buy",
      "size": "0.153",
      "symbol": "XRP-USDT",
      "takerOrderId": "6744d4f5cf286a00077302cf",
      "time": "1732564213945000000",
      "tradeId": "10851510816229377",
      "type": "match",
      "time_received": "19:50:14.0082"
    },
    {
      "makerOrderId": "6744d1b81586c10007bd0803",
      "price": "1.47884",
      "sequence": "10851510816229380",
      "side": "buy",
      "size": "0.1533",
      "symbol": "XRP-USDT",
      "takerOrderId": "6744d4f5cf286a00077302cf",
      "time": "1732564213945000000",
      "tradeId": "10851510816229380",
      "type": "match",
      "time_received": "19:50:14.0084"
    },
    {
      "makerOrderId": "6744d4f51586c10007d2e650",
      "price": "1.47884",
      "sequence": "10851510816229383",
      "side": "buy",
      "size": "1353.5644",
      "symbol": "XRP-USDT",
      "takerOrderId": "6744d4f5cf286a00077302cf",
      "time": "1732564213945000000",
      "tradeId": "10851510816229383",
      "type": "match",
      "time_received": "19:50:14.0084"
    },
    {
      "makerOrderId": "6744d1861586c10007bb9590",
      "price": "1.47887",
      "sequence": "10851510848604161",
      "side": "buy",
      "size": "0.1528",
      "symbol": "XRP-USDT",
      "takerOrderId": "6744d4f6df6f6e0007a82c31",
      "time": "1732564214054000000",
      "tradeId": "10851510848604161",
      "type": "match",
      "time_received": "19:50:14.1167"
    },
    {
      "makerOrderId": "6744d1d2cf286a00075ddd4c",
      "price": "1.47887",
      "sequence": "10851510848604164",
      "side": "buy",
      "size": "1.275",
      "symbol": "XRP-USDT",
      "takerOrderId": "6744d4f6df6f6e0007a82c31",
      "time": "1732564214054000000",
      "tradeId": "10851510848604164",
      "type": "match",
      "time_received": "19:50:14.1169"
    },
    {
      "makerOrderId": "6744d1d24fe746000719cd57",
      "price": "1.47889",
      "sequence": "10851510848997377",
      "side": "buy",
      "size": "7.3739",
      "symbol": "XRP-USDT",
      "takerOrderId": "6744d4f6c65bf70007675492",
      "time": "1732564214054000000",
      "tradeId": "10851510848997377",
      "type": "match",
      "time_received": "19:50:14.1170"
    },
    {
      "makerOrderId": "6744d1d237061e000763a7d6",
      "price": "1.47889",
      "sequence": "10851510848997380",
      "side": "buy",
      "size": "0.7455",
      "symbol": "XRP-USDT",
      "takerOrderId": "6744d4f6c65bf70007675492",
      "time": "1732564214054000000",
      "tradeId": "10851510848997380",
      "type": "match",
      "time_received": "19:50:14.1171"
    },
    {
      "makerOrderId": "6744d1a7d52cb800071b80a0",
      "price": "1.47891",
      "sequence": "10851510849652737",
      "side": "buy",
      "size": "0.2933",
      "symbol": "XRP-USDT",
      "takerOrderId": "6744d4f60d855300075325f3",
      "time": "1732564214054000000",
      "tradeId": "10851510849652737",
      "type": "match",
      "time_received": "19:50:14.1172"
    },
    {
      "makerOrderId": "6744d187f4a7c50007b758ac",
      "price": "1.47892",
      "sequence": "10851510849652740",
      "side": "buy",
      "size": "0.2587",
      "symbol": "XRP-USDT",
      "takerOrderId": "6744d4f60d855300075325f3",
      "time": "1732564214054000000",
      "tradeId": "10851510849652740",
      "type": "match",
      "time_received": "19:50:14.1173"
    },
    {
      "makerOrderId": "6744d15f68486d0007a5985d",
      "price": "1.479",
      "sequence": "10851510849652743",
      "side": "buy",
      "size": "0.3599",
      "symbol": "XRP-USDT",
      "takerOrderId": "6744d4f60d855300075325f3",
      "time": "1732564214054000000",
      "tradeId": "10851510849652743",
      "type": "match",
      "time_received": "19:50:14.1174"
    },
    {
      "makerOrderId": "6744d1616967d300071f686e",
      "price": "1.479",
      "sequence": "10851510849652746",
      "side": "buy",
      "size": "1.0209",
      "symbol": "XRP-USDT",
      "takerOrderId": "6744d4f60d855300075325f3",
      "time": "1732564214054000000",
      "tradeId": "10851510849652746",
      "type": "match",
      "time_received": "19:50:14.1174"
    },
    {
      "makerOrderId": "6744d161f4a7c50007b62b6f",
      "price": "1.479",
      "sequence": "10851510849652749",
      "side": "buy",
      "size": "0.1667",
      "symbol": "XRP-USDT",
      "takerOrderId": "6744d4f60d855300075325f3",
      "time": "1732564214054000000",
      "tradeId": "10851510849652749",
      "type": "match",
      "time_received": "19:50:14.1174"
    },
    {
      "makerOrderId": "6744d183cf286a00075b997c",
      "price": "1.479",
      "sequence": "10851510849652752",
      "side": "buy",
      "size": "1.2738",
      "symbol": "XRP-USDT",
      "takerOrderId": "6744d4f60d855300075325f3",
      "time": "1732564214054000000",
      "tradeId": "10851510849652752",
      "type": "match",
      "time_received": "19:50:14.1176"
    },
    {
      "makerOrderId": "6744d19ef4f1200007d61d65",
      "price": "1.479",
      "sequence": "10851510849652755",
      "side": "buy",
      "size": "0.1522",
      "symbol": "XRP-USDT",
      "takerOrderId": "6744d4f60d855300075325f3",
      "time": "1732564214054000000",
      "tradeId": "10851510849652755",
      "type": "match",
      "time_received": "19:50:14.1177"
    },
    {
      "makerOrderId": "6744d19ef4f1200007d61d74",
      "price": "1.479",
      "sequence": "10851510849652758",
      "side": "buy",
      "size": "0.2246",
      "symbol": "XRP-USDT",
      "takerOrderId": "6744d4f60d855300075325f3",
      "time": "1732564214054000000",
      "tradeId": "10851510849652758",
      "type": "match",
      "time_received": "19:50:14.1177"
    },
    {
      "makerOrderId": "6744d40cf4a7c50007c85e99",
      "price": "1.479",
      "sequence": "10851510849652761",
      "side": "buy",
      "size": "64.2532",
      "symbol": "XRP-USDT",
      "takerOrderId": "6744d4f60d855300075325f3",
      "time": "1732564214054000000",
      "tradeId": "10851510849652761",
      "type": "match",
      "time_received": "19:50:14.1179"
    },
    {
      "makerOrderId": "6744d18768486d0007a6d3e7",
      "price": "1.47901",
      "sequence": "10851510849652764",
      "side": "buy",
      "size": "1.1545",
      "symbol": "XRP-USDT",
      "takerOrderId": "6744d4f60d855300075325f3",
      "time": "1732564214054000000",
      "tradeId": "10851510849652764",
      "type": "match",
      "time_received": "19:50:14.1179"
    },
    {
      "makerOrderId": "6744d1d1088f010007c7623e",
      "price": "1.47901",
      "sequence": "10851510849652767",
      "side": "buy",
      "size": "0.2932",
      "symbol": "XRP-USDT",
      "takerOrderId": "6744d4f60d855300075325f3",
      "time": "1732564214054000000",
      "tradeId": "10851510849652767",
      "type": "match",
      "time_received": "19:50:14.1179"
    },
    {
      "makerOrderId": "6744d0db4fe746000712cb94",
      "price": "1.47907",
      "sequence": "10851510849652770",
      "side": "buy",
      "size": "3.9002",
      "symbol": "XRP-USDT",
      "takerOrderId": "6744d4f60d855300075325f3",
      "time": "1732564214054000000",
      "tradeId": "10851510849652770",
      "type": "match",
      "time_received": "19:50:14.1180"
    },
    {
      "makerOrderId": "6744d1d268486d0007a90006",
      "price": "1.47908",
      "sequence": "10851510849652773",
      "side": "buy",
      "size": "1.2657",
      "symbol": "XRP-USDT",
      "takerOrderId": "6744d4f60d855300075325f3",
      "time": "1732564214054000000",
      "tradeId": "10851510849652773",
      "type": "match",
      "time_received": "19:50:14.1180"
    },
    {
      "makerOrderId": "6744d4f5c65bf7000767514b",
      "price": "1.47909",
      "sequence": "10851510849652776",
      "side": "buy",
      "size": "676.0029",
      "symbol": "XRP-USDT",
      "takerOrderId": "6744d4f60d855300075325f3",
      "time": "1732564214054000000",
      "tradeId": "10851510849652776",
      "type": "match",
      "time_received": "19:50:14.1180"
    },
    {
      "makerOrderId": "6744d183c5ba740007a53d3e",
      "price": "1.4791",
      "sequence": "10851510998550529",
      "side": "buy",
      "size": "7.8267",
      "symbol": "XRP-USDT",
      "takerOrderId": "6744d4f631d09500075f420e",
      "time": "1732564214584000000",
      "tradeId": "10851510998550529",
      "type": "match",
      "time_received": "19:50:14.6445"
    },
    {
      "makerOrderId": "6744d1bf0d855300073d7a2b",
      "price": "1.4791",
      "sequence": "10851510998550532",
      "side": "buy",
      "size": "55.5371",
      "symbol": "XRP-USDT",
      "takerOrderId": "6744d4f631d09500075f420e",
      "time": "1732564214584000000",
      "tradeId": "10851510998550532",
      "type": "match",
      "time_received": "19:50:14.6446"
    },
    {
      "makerOrderId": "6744d18168486d0007a6a1eb",
      "price": "1.47913",
      "sequence": "10851510998550535",
      "side": "buy",
      "size": "0.4413",
      "symbol": "XRP-USDT",
      "takerOrderId": "6744d4f631d09500075f420e",
      "time": "1732564214584000000",
      "tradeId": "10851510998550535",
      "type": "match",
      "time_received": "19:50:14.6447"
    },
    {
      "makerOrderId": "6744d1cf31d09500074a0215",
      "price": "1.47916",
      "sequence": "10851511075620865",
      "side": "buy",
      "size": "3.5481",
      "symbol": "XRP-USDT",
      "takerOrderId": "6744d4f7cf286a00077308a4",
      "time": "1732564215030000000",
      "tradeId": "10851511075620865",
      "type": "match",
      "time_received": "19:50:15.0979"
    },
    {
      "makerOrderId": "6744d1a6f1bf400007b25c87",
      "price": "1.47917",
      "sequence": "10851511075620868",
      "side": "buy",
      "size": "0.6517",
      "symbol": "XRP-USDT",
      "takerOrderId": "6744d4f7cf286a00077308a4",
      "time": "1732564215030000000",
      "tradeId": "10851511075620868",
      "type": "match",
      "time_received": "19:50:15.0981"
    },
    {
      "makerOrderId": "6744d1d06967d3000722abdc",
      "price": "1.47917",
      "sequence": "10851511075620871",
      "side": "buy",
      "size": "1.2991",
      "symbol": "XRP-USDT",
      "takerOrderId": "6744d4f7cf286a00077308a4",
      "time": "1732564215030000000",
      "tradeId": "10851511075620871",
      "type": "match",
      "time_received": "19:50:15.0982"
    },
    {
      "makerOrderId": "6744d1d16967d3000722b992",
      "price": "1.4792",
      "sequence": "10851511075620874",
      "side": "buy",
      "size": "0.1243",
      "symbol": "XRP-USDT",
      "takerOrderId": "6744d4f7cf286a00077308a4",
      "time": "1732564215030000000",
      "tradeId": "10851511075620874",
      "type": "match",
      "time_received": "19:50:15.0982"
    },
    {
      "makerOrderId": "6744d1d1088f010007c7632e",
      "price": "1.47922",
      "sequence": "10851511075620877",
      "side": "buy",
      "size": "7.203",
      "symbol": "XRP-USDT",
      "takerOrderId": "6744d4f7cf286a00077308a4",
      "time": "1732564215030000000",
      "tradeId": "10851511075620877",
      "type": "match",
      "time_received": "19:50:15.1032"
    },
    {
      "makerOrderId": "6744d1d16967d3000722b83c",
      "price": "1.47922",
      "sequence": "10851511075620880",
      "side": "buy",
      "size": "0.1256",
      "symbol": "XRP-USDT",
      "takerOrderId": "6744d4f7cf286a00077308a4",
      "time": "1732564215030000000",
      "tradeId": "10851511075620880",
      "type": "match",
      "time_received": "19:50:15.1033"
    },
    {
      "makerOrderId": "6744d18738c4e00007528277",
      "price": "1.47925",
      "sequence": "10851511085451265",
      "side": "buy",
      "size": "17.5805",
      "symbol": "XRP-USDT",
      "takerOrderId": "6744d4f7f1bf400007c8cd14",
      "time": "1732564215057000000",
      "tradeId": "10851511085451265",
      "type": "match",
      "time_received": "19:50:15.1200"
    },
    {
      "makerOrderId": "6744d1bb31d0950007497364",
      "price": "1.47925",
      "sequence": "10851511085451268",
      "side": "buy",
      "size": "2.0369",
      "symbol": "XRP-USDT",
      "takerOrderId": "6744d4f7f1bf400007c8cd14",
      "time": "1732564215057000000",
      "tradeId": "10851511085451268",
      "type": "match",
      "time_received": "19:50:15.1202"
    },
    {
      "makerOrderId": "6744d1d2f4f1200007d79a99",
      "price": "1.47925",
      "sequence": "10851511085451271",
      "side": "buy",
      "size": "0.5559",
      "symbol": "XRP-USDT",
      "takerOrderId": "6744d4f7f1bf400007c8cd14",
      "time": "1732564215057000000",
      "tradeId": "10851511085451271",
      "type": "match",
      "time_received": "19:50:15.1202"
    },
    {
      "makerOrderId": "6744d187df6f6e000790d7e0",
      "price": "1.47929",
      "sequence": "10851511221504001",
      "side": "buy",
      "size": "0.5525",
      "symbol": "XRP-USDT",
      "takerOrderId": "6744d4f7df6f6e0007a8357d",
      "time": "1732564215666000000",
      "tradeId": "10851511221504001",
      "type": "match",
      "time_received": "19:50:15.7279"
    },
    {
      "makerOrderId": "6744d4f76967d3000737e802",
      "price": "1.47929",
      "sequence": "10851511221504004",
      "side": "buy",
      "size": "1353.3182",
      "symbol": "XRP-USDT",
      "takerOrderId": "6744d4f7df6f6e0007a8357d",
      "time": "1732564215666000000",
      "tradeId": "10851511221504004",
      "type": "match",
      "time_received": "19:50:15.7281"
    },
    {
      "makerOrderId": "6744d4f76967d3000737e802",
      "price": "1.47929",
      "sequence": "10851511222814721",
      "side": "buy",
      "size": "0.5525",
      "symbol": "XRP-USDT",
      "takerOrderId": "6744d4f76967d3000737e813",
      "time": "1732564215670000000",
      "tradeId": "10851511222814721",
      "type": "match",
      "time_received": "19:50:15.7282"
    },
    {
      "makerOrderId": "6744d1d167cdc900076aa5c0",
      "price": "1.47931",
      "sequence": "10851511222814724",
      "side": "buy",
      "size": "0.1848",
      "symbol": "XRP-USDT",
      "takerOrderId": "6744d4f76967d3000737e813",
      "time": "1732564215670000000",
      "tradeId": "10851511222814724",
      "type": "match",
      "time_received": "19:50:15.7285"
    },
    {
      "makerOrderId": "6744d1d14fe746000719c7b3",
      "price": "1.47931",
      "sequence": "10851511222814727",
      "side": "buy",
      "size": "2.9761",
      "symbol": "XRP-USDT",
      "takerOrderId": "6744d4f76967d3000737e813",
      "time": "1732564215670000000",
      "tradeId": "10851511222814727",
      "type": "match",
      "time_received": "19:50:15.7285"
    },
    {
      "makerOrderId": "6744d1d268486d0007a8fff0",
      "price": "1.47932",
      "sequence": "10851511222814730",
      "side": "buy",
      "size": "0.2259",
      "symbol": "XRP-USDT",
      "takerOrderId": "6744d4f76967d3000737e813",
      "time": "1732564215670000000",
      "tradeId": "10851511222814730",
      "type": "match",
      "time_received": "19:50:15.7285"
    },
    {
      "makerOrderId": "6744d1d2ae93cc0007e7abea",
      "price": "1.47932",
      "sequence": "10851511222814733",
      "side": "buy",
      "size": "0.3155",
      "symbol": "XRP-USDT",
      "takerOrderId": "6744d4f76967d3000737e813",
      "time": "1732564215670000000",
      "tradeId": "10851511222814733",
      "type": "match",
      "time_received": "19:50:15.7286"
    },
    {
      "makerOrderId": "6744d1d2f4a7c50007b9860e",
      "price": "1.47932",
      "sequence": "10851511222814736",
      "side": "buy",
      "size": "0.5344",
      "symbol": "XRP-USDT",
      "takerOrderId": "6744d4f76967d3000737e813",
      "time": "1732564215670000000",
      "tradeId": "10851511222814736",
      "type": "match",
      "time_received": "19:50:15.7329"
    },
    {
      "makerOrderId": "6744d1d2df6f6e0007930736",
      "price": "1.47932",
      "sequence": "10851511222814739",
      "side": "buy",
      "size": "0.1466",
      "symbol": "XRP-USDT",
      "takerOrderId": "6744d4f76967d3000737e813",
      "time": "1732564215670000000",
      "tradeId": "10851511222814739",
      "type": "match",
      "time_received": "19:50:15.7330"
    },
    {
      "makerOrderId": "6744d0f2cf286a000757708e",
      "price": "1.47934",
      "sequence": "10851511326361601",
      "side": "buy",
      "size": "0.1922",
      "symbol": "XRP-USDT",
      "takerOrderId": "6744d4f8c5ba740007bcb43f",
      "time": "1732564216036000000",
      "tradeId": "10851511326361601",
      "type": "match",
      "time_received": "19:50:16.0956"
    },
    {
      "makerOrderId": "6744d186088f010007c5375f",
      "price": "1.47935",
      "sequence": "10851511336454145",
      "side": "buy",
      "size": "0.7001",
      "symbol": "XRP-USDT",
      "takerOrderId": "6744d4f8c65bf700076760e1",
      "time": "1732564216046000000",
      "tradeId": "10851511336454145",
      "type": "match",
      "time_received": "19:50:16.1086"
    },
    {
      "makerOrderId": "6744d182f15b270007bd08f1",
      "price": "1.47936",
      "sequence": "10851511351265281",
      "side": "buy",
      "size": "0.2354",
      "symbol": "XRP-USDT",
      "takerOrderId": "6744d4f8ae93cc0007fcdcf5",
      "time": "1732564216055000000",
      "tradeId": "10851511351265281",
      "type": "match",
      "time_received": "19:50:16.1152"
    },
    {
      "makerOrderId": "6744d1d21586c10007bdc923",
      "price": "1.47936",
      "sequence": "10851511351265284",
      "side": "buy",
      "size": "0.2074",
      "symbol": "XRP-USDT",
      "takerOrderId": "6744d4f8ae93cc0007fcdcf5",
      "time": "1732564216055000000",
      "tradeId": "10851511351265284",
      "type": "match",
      "time_received": "19:50:16.1154"
    },
    {
      "makerOrderId": "6744d15ff4f1200007d43667",
      "price": "1.4794",
      "sequence": "10851511352051713",
      "side": "buy",
      "size": "6.9722",
      "symbol": "XRP-USDT",
      "takerOrderId": "6744d4f8c65bf70007676114",
      "time": "1732564216056000000",
      "tradeId": "10851511352051713",
      "type": "match",
      "time_received": "19:50:16.1154"
    },
    {
      "makerOrderId": "6744d15ff4f1200007d43667",
      "price": "1.4794",
      "sequence": "10851511362144257",
      "side": "buy",
      "size": "1.4112",
      "symbol": "XRP-USDT",
      "takerOrderId": "6744d4f8f15b270007d4951b",
      "time": "1732564216066000000",
      "tradeId": "10851511362144257",
      "type": "match",
      "time_received": "19:50:16.1278"
    },
    {
      "makerOrderId": "6744d182ae93cc0007e54ee0",
      "price": "1.4794",
      "sequence": "10851511362144260",
      "side": "buy",
      "size": "34.0751",
      "symbol": "XRP-USDT",
      "takerOrderId": "6744d4f8f15b270007d4951b",
      "time": "1732564216066000000",
      "tradeId": "10851511362144260",
      "type": "match",
      "time_received": "19:50:16.1281"
    },
    {
      "makerOrderId": "6744d1824fe74600071775e3",
      "price": "1.47944",
      "sequence": "10851511543023617",
      "side": "buy",
      "size": "41.6973",
      "symbol": "XRP-USDT",
      "takerOrderId": "6744d4f8f1bf400007c8d875",
      "time": "1732564216520000000",
      "tradeId": "10851511543023617",
      "type": "match",
      "time_received": "19:50:16.5838"
    },
    {
      "makerOrderId": "6744d1824fe74600071775e3",
      "price": "1.47944",
      "sequence": "10851511549708289",
      "side": "buy",
      "size": "12.7378",
      "symbol": "XRP-USDT",
      "takerOrderId": "6744d4f8c65bf70007676547",
      "time": "1732564216523000000",
      "tradeId": "10851511549708289",
      "type": "match",
      "time_received": "19:50:16.5841"
    },
    {
      "makerOrderId": "6744d183f1bf400007b150e7",
      "price": "1.47944",
      "sequence": "10851511549708292",
      "side": "buy",
      "size": "0.6756",
      "symbol": "XRP-USDT",
      "takerOrderId": "6744d4f8c65bf70007676547",
      "time": "1732564216523000000",
      "tradeId": "10851511549708292",
      "type": "match",
      "time_received": "19:50:16.5841"
    },
    {
      "makerOrderId": "6744d1d16967d3000722b7c3",
      "price": "1.47947",
      "sequence": "10851511549708295",
      "side": "buy",
      "size": "5.7999",
      "symbol": "XRP-USDT",
      "takerOrderId": "6744d4f8c65bf70007676547",
      "time": "1732564216523000000",
      "tradeId": "10851511549708295",
      "type": "match",
      "time_received": "19:50:16.5841"
    },
    {
      "makerOrderId": "6744d1d2d52cb800071cbdfc",
      "price": "1.47947",
      "sequence": "10851511549708298",
      "side": "buy",
      "size": "0.3043",
      "symbol": "XRP-USDT",
      "takerOrderId": "6744d4f8c65bf70007676547",
      "time": "1732564216523000000",
      "tradeId": "10851511549708298",
      "type": "match",
      "time_received": "19:50:16.5841"
    },
    {
      "makerOrderId": "6744d1d2b7e21a000782bacb",
      "price": "1.47948",
      "sequence": "10851511553116161",
      "side": "buy",
      "size": "0.383",
      "symbol": "XRP-USDT",
      "takerOrderId": "6744d4f8cf286a000773143d",
      "time": "1732564216525000000",
      "tradeId": "10851511553116161",
      "type": "match",
      "time_received": "19:50:16.5842"
    },
    {
      "makerOrderId": "6744d0a7d52cb80007143dd6",
      "price": "1.4795",
      "sequence": "10851511553247233",
      "side": "buy",
      "size": "1.1194",
      "symbol": "XRP-USDT",
      "takerOrderId": "6744d4f80d855300075336a0",
      "time": "1732564216525000000",
      "tradeId": "10851511553247233",
      "type": "match",
      "time_received": "19:50:16.5897"
    },
    {
      "makerOrderId": "6744d182f1bf400007b145cd",
      "price": "1.4795",
      "sequence": "10851511553247236",
      "side": "buy",
      "size": "1.532",
      "symbol": "XRP-USDT",
      "takerOrderId": "6744d4f80d855300075336a0",
      "time": "1732564216525000000",
      "tradeId": "10851511553247236",
      "type": "match",
      "time_received": "19:50:16.5899"
    },
    {
      "makerOrderId": "6744d18768486d0007a6d2cb",
      "price": "1.4795",
      "sequence": "10851511553247239",
      "side": "buy",
      "size": "0.3226",
      "symbol": "XRP-USDT",
      "takerOrderId": "6744d4f80d855300075336a0",
      "time": "1732564216525000000",
      "tradeId": "10851511553247239",
      "type": "match",
      "time_received": "19:50:16.5900"
    },
    {
      "makerOrderId": "6744d1876967d300072092ab",
      "price": "1.4795",
      "sequence": "10851511553247242",
      "side": "buy",
      "size": "0.2584",
      "symbol": "XRP-USDT",
      "takerOrderId": "6744d4f80d855300075336a0",
      "time": "1732564216525000000",
      "tradeId": "10851511553247242",
      "type": "match",
      "time_received": "19:50:16.5900"
    },
    {
      "makerOrderId": "6744d1d2088f010007c76ac5",
      "price": "1.47954",
      "sequence": "10851511575398401",
      "side": "buy",
      "size": "2.4321",
      "symbol": "XRP-USDT",
      "takerOrderId": "6744d4f81586c10007d2f7f2",
      "time": "1732564216538000000",
      "tradeId": "10851511575398401",
      "type": "match",
      "time_received": "19:50:16.5994"
    },
    {
      "makerOrderId": "6744d1d268486d0007a900c7",
      "price": "1.47954",
      "sequence": "10851511575398404",
      "side": "buy",
      "size": "0.8089",
      "symbol": "XRP-USDT",
      "takerOrderId": "6744d4f81586c10007d2f7f2",
      "time": "1732564216538000000",
      "tradeId": "10851511575398404",
      "type": "match",
      "time_received": "19:50:16.5995"
    },
    {
      "makerOrderId": "6744d1d231d09500074a1b86",
      "price": "1.47954",
      "sequence": "10851511575398407",
      "side": "buy",
      "size": "0.2833",
      "symbol": "XRP-USDT",
      "takerOrderId": "6744d4f81586c10007d2f7f2",
      "time": "1732564216538000000",
      "tradeId": "10851511575398407",
      "type": "match",
      "time_received": "19:50:16.5996"
    },
    {
      "makerOrderId": "6744d189f4f1200007d5851c",
      "price": "1.47955",
      "sequence": "10851511575398410",
      "side": "buy",
      "size": "1.126",
      "symbol": "XRP-USDT",
      "takerOrderId": "6744d4f81586c10007d2f7f2",
      "time": "1732564216538000000",
      "tradeId": "10851511575398410",
      "type": "match",
      "time_received": "19:50:16.5996"
    },
    {
      "makerOrderId": "6744d1896967d3000720a86a",
      "price": "1.47955",
      "sequence": "10851511575398413",
      "side": "buy",
      "size": "0.2946",
      "symbol": "XRP-USDT",
      "takerOrderId": "6744d4f81586c10007d2f7f2",
      "time": "1732564216538000000",
      "tradeId": "10851511575398413",
      "type": "match",
      "time_received": "19:50:16.5997"
    },
    {
      "makerOrderId": "6744d18337061e0007615f45",
      "price": "1.47956",
      "sequence": "10851511575398416",
      "side": "buy",
      "size": "0.2165",
      "symbol": "XRP-USDT",
      "takerOrderId": "6744d4f81586c10007d2f7f2",
      "time": "1732564216538000000",
      "tradeId": "10851511575398416",
      "type": "match",
      "time_received": "19:50:16.5999"
    },
    {
      "makerOrderId": "6744d1d2f4a7c50007b9835a",
      "price": "1.47956",
      "sequence": "10851511575398419",
      "side": "buy",
      "size": "0.958",
      "symbol": "XRP-USDT",
      "takerOrderId": "6744d4f81586c10007d2f7f2",
      "time": "1732564216538000000",
      "tradeId": "10851511575398419",
      "type": "match",
      "time_received": "19:50:16.6000"
    },
    {
      "makerOrderId": "6744d1d2c5ba740007a786ae",
      "price": "1.47956",
      "sequence": "10851511575398422",
      "side": "buy",
      "size": "1.4855",
      "symbol": "XRP-USDT",
      "takerOrderId": "6744d4f81586c10007d2f7f2",
      "time": "1732564216538000000",
      "tradeId": "10851511575398422",
      "type": "match",
      "time_received": "19:50:16.6000"
    },
    {
      "makerOrderId": "6744d0f2f15b270007b8f47d",
      "price": "1.4796",
      "sequence": "10851511640803329",
      "side": "buy",
      "size": "0.4088",
      "symbol": "XRP-USDT",
      "takerOrderId": "6744d4f831d09500075f517a",
      "time": "1732564216633000000",
      "tradeId": "10851511640803329",
      "type": "match",
      "time_received": "19:50:16.6956"
    },
    {
      "makerOrderId": "6744d1d2cf286a00075ddae2",
      "price": "1.4796",
      "sequence": "10851511640803332",
      "side": "buy",
      "size": "15.757",
      "symbol": "XRP-USDT",
      "takerOrderId": "6744d4f831d09500075f517a",
      "time": "1732564216633000000",
      "tradeId": "10851511640803332",
      "type": "match",
      "time_received": "19:50:16.6957"
    },
    {
      "makerOrderId": "6744d182d52cb800071a64fd",
      "price": "1.47967",
      "sequence": "10851511640803335",
      "side": "buy",
      "size": "9.4451",
      "symbol": "XRP-USDT",
      "takerOrderId": "6744d4f831d09500075f517a",
      "time": "1732564216633000000",
      "tradeId": "10851511640803335",
      "type": "match",
      "time_received": "19:50:16.6957"
    },
    {
      "makerOrderId": "6744d358f15b270007c9f731",
      "price": "1.47969",
      "sequence": "10851511704635393",
      "side": "buy",
      "size": "4.9429",
      "symbol": "XRP-USDT",
      "takerOrderId": "6744d4f867cdc900077fe879",
      "time": "1732564216751000000",
      "tradeId": "10851511704635393",
      "type": "match",
      "time_received": "19:50:16.8104"
    },
    {
      "makerOrderId": "6744d0f26967d300071c512b",
      "price": "1.4797",
      "sequence": "10851511749724161",
      "side": "buy",
      "size": "0.3803",
      "symbol": "XRP-USDT",
      "takerOrderId": "6744d4f8f1bf400007c8dc51",
      "time": "1732564216876000000",
      "tradeId": "10851511749724161",
      "type": "match",
      "time_received": "19:50:16.9378"
    },
    {
      "makerOrderId": "6744d1d06967d3000722ad23",
      "price": "1.47971",
