{
  "metadata": {
    "symbol": "HAPPY",
    "channel": "match",
    "start_time": "10:59:30.0000",
    "release_time": "11:00:00.0000",
    "end_time": "11:02:00.0000",
    "total_messages": 146,
    "final_snapshot": {
      "time": "11:01:58.0080",
      "symbol": "HAPPY-USDT",
      "price_high": "0.028",
      "price_last": "0.02368",
      "price_low": "0.012",
      "price_avg": null,
      "volValue_USDT": "26102.028892"
    }
  },
  "data": [
    {
      "price": "0.012",
      "sequence": "5674252442548225",
      "side": "sell",
      "size": "10",
      "symbol": "HAPPY-USDT",
      "time": "1732532400000000000",
      "tradeId": "5674252442548225",
      "type": "match",
      "time_received": "11:00:00.1855"
    },
    {
      "makerOrderId": "67444f2f1586c10007aabb35",
      "price": "0.02",
      "sequence": "5674252446218241",
      "side": "buy",
      "size": "2839",
      "symbol": "HAPPY-USDT",
      "takerOrderId": "674458b0f1bf400007e09198",
      "time": "1732532400139000000",
      "tradeId": "5674252446218241",
      "type": "match",
      "time_received": "11:00:00.1893"
    },
    {
      "makerOrderId": "67444f3f6967d30007103215",
      "price": "0.02156",
      "sequence": "5674252446218244",
      "side": "buy",
      "size": "1372.1",
      "symbol": "HAPPY-USDT",
      "takerOrderId": "674458b0f1bf400007e09198",
      "time": "1732532400139000000",
      "tradeId": "5674252446218244",
      "type": "match",
      "time_received": "11:00:00.1894"
    },
    {
      "makerOrderId": "6744500af4a7c50007acac30",
      "price": "0.028",
      "sequence": "5674252457097217",
      "side": "buy",
      "size": "100",
      "symbol": "HAPPY-USDT",
      "takerOrderId": "674458b0cf286a00078ad105",
      "time": "1732532400168000000",
      "tradeId": "5674252457097217",
      "type": "match",
      "time_received": "11:00:00.2166"
    },
    {
      "makerOrderId": "6744500af4a7c50007acac30",
      "price": "0.028",
      "sequence": "5674252600621057",
      "side": "buy",
      "size": "110",
      "symbol": "HAPPY-USDT",
      "takerOrderId": "674458b01586c10007eac4ae",
      "time": "1732532400569000000",
      "tradeId": "5674252600621057",
      "type": "match",
      "time_received": "11:00:00.6198"
    },
    {
      "makerOrderId": "6744500af4a7c50007acac30",
      "price": "0.028",
      "sequence": "5674252608616449",
      "side": "buy",
      "size": "110",
      "symbol": "HAPPY-USDT",
      "takerOrderId": "674458b0cf286a00078ad42e",
      "time": "1732532400590000000",
      "tradeId": "5674252608616449",
      "type": "match",
      "time_received": "11:00:00.6370"
    },
    {
      "makerOrderId": "6744500af4a7c50007acac30",
      "price": "0.028",
      "sequence": "5674252611893249",
      "side": "buy",
      "size": "110",
      "symbol": "HAPPY-USDT",
      "takerOrderId": "674458b037061e000790b03c",
      "time": "1732532400600000000",
      "tradeId": "5674252611893249",
      "type": "match",
      "time_received": "11:00:00.6431"
    },
    {
      "makerOrderId": "6744500af4a7c50007acac30",
      "price": "0.028",
      "sequence": "5674252880459777",
      "side": "buy",
      "size": "187.7",
      "symbol": "HAPPY-USDT",
      "takerOrderId": "674458b168486d0007d600ba",
      "time": "1732532401245000000",
      "tradeId": "5674252880459777",
      "type": "match",
      "time_received": "11:00:01.3248"
    },
    {
      "makerOrderId": "674458b0f1bf400007e091dd",
      "price": "0.026",
      "sequence": "5674253034338305",
      "side": "sell",
      "size": "384",
      "symbol": "HAPPY-USDT",
      "takerOrderId": "674458b168486d0007d603a7",
      "time": "1732532401616000000",
      "tradeId": "5674253034338305",
      "type": "match",
      "time_received": "11:00:01.8082"
    },
    {
      "makerOrderId": "674458b0f4f120000704b7c3",
      "price": "0.026",
      "sequence": "5674253034338308",
      "side": "sell",
      "size": "384",
      "symbol": "HAPPY-USDT",
      "takerOrderId": "674458b168486d0007d603a7",
      "time": "1732532401616000000",
      "tradeId": "5674253034338308",
      "type": "match",
      "time_received": "11:00:01.8083"
    },
    {
      "makerOrderId": "674458b0f1bf400007e09198",
      "price": "0.025",
      "sequence": "5674253097383937",
      "side": "sell",
      "size": "110",
      "symbol": "HAPPY-USDT",
      "takerOrderId": "674458b1088f010007f46d1f",
      "time": "1732532401821000000",
      "tradeId": "5674253097383937",
      "type": "match",
      "time_received": "11:00:01.9576"
    },
    {
      "makerOrderId": "674458b0f1bf400007e09198",
      "price": "0.025",
      "sequence": "5674253099087873",
      "side": "sell",
      "size": "110",
      "symbol": "HAPPY-USDT",
      "takerOrderId": "674458b167cdc90007978269",
      "time": "1732532401827000000",
      "tradeId": "5674253099087873",
      "type": "match",
      "time_received": "11:00:01.9577"
    },
    {
      "makerOrderId": "674458b0f1bf400007e09198",
      "price": "0.025",
      "sequence": "5674253102102529",
      "side": "sell",
      "size": "110",
      "symbol": "HAPPY-USDT",
      "takerOrderId": "674458b10d855300076b2984",
      "time": "1732532401837000000",
      "tradeId": "5674253102102529",
      "type": "match",
      "time_received": "11:00:01.9578"
    },
    {
      "makerOrderId": "674458b1088f010007f46e56",
      "price": "0.02501",
      "sequence": "5674253517207553",
      "side": "sell",
      "size": "1976.3",
      "symbol": "HAPPY-USDT",
      "takerOrderId": "674458b2d52cb8000749c76b",
      "time": "1732532402964000000",
      "tradeId": "5674253517207553",
      "type": "match",
      "time_received": "11:00:03.0793"
    },
    {
      "makerOrderId": "674458b16967d300074fded3",
      "price": "0.02501",
      "sequence": "5674253517207556",
      "side": "sell",
      "size": "1976.3",
      "symbol": "HAPPY-USDT",
      "takerOrderId": "674458b2d52cb8000749c76b",
      "time": "1732532402964000000",
      "tradeId": "5674253517207556",
      "type": "match",
      "time_received": "11:00:03.0794"
    },
    {
      "makerOrderId": "674458b26967d300074fdf5e",
      "price": "0.02501",
      "sequence": "5674253517207559",
      "side": "sell",
      "size": "1976.3",
      "symbol": "HAPPY-USDT",
      "takerOrderId": "674458b2d52cb8000749c76b",
      "time": "1732532402964000000",
      "tradeId": "5674253517207559",
      "type": "match",
      "time_received": "11:00:03.0794"
    },
    {
      "makerOrderId": "674458b0f1bf400007e09198",
      "price": "0.025",
      "sequence": "5674253517207562",
      "side": "sell",
      "size": "33324.1",
      "symbol": "HAPPY-USDT",
      "takerOrderId": "674458b2d52cb8000749c76b",
      "time": "1732532402964000000",
      "tradeId": "5674253517207562",
      "type": "match",
      "time_received": "11:00:03.0796"
    },
    {
      "makerOrderId": "674458b0f1bf400007e09198",
      "price": "0.025",
      "sequence": "5674253751564289",
      "side": "sell",
      "size": "40322.7",
      "symbol": "HAPPY-USDT",
      "takerOrderId": "674458b331d0950007775cc1",
      "time": "1732532403633000000",
      "tradeId": "5674253751564289",
      "type": "match",
      "time_received": "11:00:03.6812"
    },
    {
      "makerOrderId": "674458b0f1bf400007e09198",
      "price": "0.025",
      "sequence": "5674254562244609",
      "side": "sell",
      "size": "21812.1",
      "symbol": "HAPPY-USDT",
      "takerOrderId": "674458b5f4a7c50007e675d2",
      "time": "1732532405753000000",
      "tradeId": "5674254562244609",
      "type": "match",
      "time_received": "11:00:05.8058"
    },
    {
      "makerOrderId": "674458b0df6f6e0007bfec8c",
      "price": "0.025",
      "sequence": "5674254562244612",
      "side": "sell",
      "size": "165687.9",
      "symbol": "HAPPY-USDT",
      "takerOrderId": "674458b5f4a7c50007e675d2",
      "time": "1732532405753000000",
      "tradeId": "5674254562244612",
      "type": "match",
      "time_received": "11:00:05.8059"
    },
    {
      "makerOrderId": "674458b0df6f6e0007bfec8c",
      "price": "0.025",
      "sequence": "5674254733555713",
      "side": "sell",
      "size": "6646.9",
      "symbol": "HAPPY-USDT",
      "takerOrderId": "674458b6f4a7c50007e678b1",
      "time": "1732532406164000000",
      "tradeId": "5674254733555713",
      "type": "match",
      "time_received": "11:00:06.2084"
    },
    {
      "makerOrderId": "674458b168486d0007d603a7",
      "price": "0.0256",
      "sequence": "5674254775629825",
      "side": "buy",
      "size": "593.4",
      "symbol": "HAPPY-USDT",
      "takerOrderId": "674458b6f4f120000704e26c",
      "time": "1732532406297000000",
      "tradeId": "5674254775629825",
      "type": "match",
      "time_received": "11:00:06.3429"
    },
    {
      "makerOrderId": "674458b0df6f6e0007bfec8c",
      "price": "0.025",
      "sequence": "5674255128213505",
      "side": "sell",
      "size": "27665.2",
      "symbol": "HAPPY-USDT",
      "takerOrderId": "674458b7c65bf700077f5bf5",
      "time": "1732532407147000000",
      "tradeId": "5674255128213505",
      "type": "match",
      "time_received": "11:00:07.1958"
    },
    {
      "makerOrderId": "674458b0ae93cc0007149d28",
      "price": "0.025",
      "sequence": "5674255128213508",
      "side": "sell",
      "size": "53264.4",
      "symbol": "HAPPY-USDT",
      "takerOrderId": "674458b7c65bf700077f5bf5",
      "time": "1732532407147000000",
      "tradeId": "5674255128213508",
      "type": "match",
      "time_received": "11:00:07.1960"
    },
    {
      "makerOrderId": "674458b168486d0007d603a7",
      "price": "0.0256",
      "sequence": "5674255149840385",
      "side": "buy",
      "size": "846.7",
      "symbol": "HAPPY-USDT",
      "takerOrderId": "674458b7cf286a00078b0370",
      "time": "1732532407223000000",
      "tradeId": "5674255149840385",
      "type": "match",
      "time_received": "11:00:07.2719"
    },
    {
      "makerOrderId": "674458b168486d0007d603a7",
      "price": "0.0256",
      "sequence": "5674255275276289",
      "side": "buy",
      "size": "2132.1",
      "symbol": "HAPPY-USDT",
      "takerOrderId": "674458b768486d0007d62c22",
      "time": "1732532407651000000",
      "tradeId": "5674255275276289",
      "type": "match",
      "time_received": "11:00:07.6990"
    },
    {
      "makerOrderId": "674458b168486d0007d603a7",
      "price": "0.0256",
      "sequence": "5674255872178177",
      "side": "buy",
      "size": "11682.2",
      "symbol": "HAPPY-USDT",
      "takerOrderId": "674458b931d0950007778342",
      "time": "1732532409195000000",
      "tradeId": "5674255872178177",
      "type": "match",
      "time_received": "11:00:09.2418"
    },
    {
      "makerOrderId": "674458b7f4a7c50007e681b5",
      "price": "0.0252",
      "sequence": "5674255993944065",
      "side": "sell",
      "size": "432.5",
      "symbol": "HAPPY-USDT",
      "takerOrderId": "674458b931d0950007778538",
      "time": "1732532409637000000",
      "tradeId": "5674255993944065",
      "type": "match",
      "time_received": "11:00:09.6854"
    },
    {
      "makerOrderId": "674458b7f4a7c50007e681b5",
      "price": "0.0252",
      "sequence": "5674256191207425",
      "side": "sell",
      "size": "11472.2",
      "symbol": "HAPPY-USDT",
      "takerOrderId": "674458badf6f6e0007c0308a",
      "time": "1732532410257000000",
      "tradeId": "5674256191207425",
      "type": "match",
      "time_received": "11:00:10.3096"
    },
    {
      "makerOrderId": "674458b9f1bf400007e0d34f",
      "price": "0.02501",
      "sequence": "5674256191207428",
      "side": "sell",
      "size": "1962.1",
      "symbol": "HAPPY-USDT",
      "takerOrderId": "674458badf6f6e0007c0308a",
      "time": "1732532410257000000",
      "tradeId": "5674256191207428",
      "type": "match",
      "time_received": "11:00:10.3097"
    },
    {
      "makerOrderId": "674458b0ae93cc0007149d28",
      "price": "0.025",
      "sequence": "5674256191207431",
      "side": "sell",
      "size": "29758.8",
      "symbol": "HAPPY-USDT",
      "takerOrderId": "674458badf6f6e0007c0308a",
      "time": "1732532410257000000",
      "tradeId": "5674256191207431",
      "type": "match",
      "time_received": "11:00:10.3097"
    },
    {
      "makerOrderId": "674458b0ae93cc0007149d28",
      "price": "0.025",
      "sequence": "5674256431200257",
      "side": "sell",
      "size": "16976.8",
      "symbol": "HAPPY-USDT",
      "takerOrderId": "674458ba6967d300075017a1",
      "time": "1732532410927000000",
      "tradeId": "5674256431200257",
      "type": "match",
      "time_received": "11:00:10.9765"
    },
    {
      "makerOrderId": "674458b068486d0007d5f8a0",
      "price": "0.025",
      "sequence": "5674256431200260",
      "side": "sell",
      "size": "400000",
      "symbol": "HAPPY-USDT",
      "takerOrderId": "674458ba6967d300075017a1",
      "time": "1732532410927000000",
      "tradeId": "5674256431200260",
      "type": "match",
      "time_received": "11:00:10.9765"
    },
    {
      "makerOrderId": "674458b868486d0007d63105",
      "price": "0.025",
      "sequence": "5674256431200263",
      "side": "sell",
      "size": "89.2",
      "symbol": "HAPPY-USDT",
      "takerOrderId": "674458ba6967d300075017a1",
      "time": "1732532410927000000",
      "tradeId": "5674256431200263",
      "type": "match",
      "time_received": "11:00:10.9766"
    },
    {
      "makerOrderId": "674458bec5ba740007d4e183",
      "price": "0.02496",
      "sequence": "5674258363856897",
      "side": "buy",
      "size": "2404.2",
      "symbol": "HAPPY-USDT",
      "takerOrderId": "674458bf0d855300076b8599",
      "time": "1732532415568000000",
      "tradeId": "5674258363856897",
      "type": "match",
      "time_received": "11:00:15.6132"
    },
    {
      "makerOrderId": "674458bec5ba740007d4e183",
      "price": "0.02496",
      "sequence": "5674259600914433",
      "side": "buy",
      "size": "1614.8",
      "symbol": "HAPPY-USDT",
      "takerOrderId": "674458c2f1bf400007e114a6",
      "time": "1732532418511000000",
      "tradeId": "5674259600914433",
      "type": "match",
      "time_received": "11:00:18.5602"
    },
    {
      "makerOrderId": "674458c237061e0007912f45",
      "price": "0.02495",
      "sequence": "5674259855325185",
      "side": "buy",
      "size": "1976.3",
      "symbol": "HAPPY-USDT",
      "takerOrderId": "674458c3f4a7c50007e6d5ce",
      "time": "1732532419077000000",
      "tradeId": "5674259855325185",
      "type": "match",
      "time_received": "11:00:19.1214"
    },
    {
      "makerOrderId": "674458c24fe74600074751e2",
      "price": "0.02495",
      "sequence": "5674259855325188",
      "side": "buy",
      "size": "1617.4",
      "symbol": "HAPPY-USDT",
      "takerOrderId": "674458c3f4a7c50007e6d5ce",
      "time": "1732532419077000000",
      "tradeId": "5674259855325188",
      "type": "match",
      "time_received": "11:00:19.1215"
    },
    {
      "makerOrderId": "674458c3c5ba740007d50e90",
      "price": "0.024",
      "sequence": "5674260940863489",
      "side": "buy",
      "size": "1056.5",
      "symbol": "HAPPY-USDT",
      "takerOrderId": "674458c6c5ba740007d51eec",
      "time": "1732532422086000000",
      "tradeId": "5674260940863489",
      "type": "match",
      "time_received": "11:00:22.1326"
    },
    {
      "makerOrderId": "674458b0f4f120000704b753",
      "price": "0.0235",
      "sequence": "5674261155821569",
      "side": "sell",
      "size": "3000",
      "symbol": "HAPPY-USDT",
      "takerOrderId": "674458c6ae93cc0007153d15",
      "time": "1732532422858000000",
      "tradeId": "5674261155821569",
      "type": "match",
      "time_received": "11:00:22.9018"
    },
    {
      "makerOrderId": "674458c6ae93cc0007153d15",
      "price": "0.02328",
      "sequence": "5674261185574913",
      "side": "buy",
      "size": "770.8",
      "symbol": "HAPPY-USDT",
      "takerOrderId": "674458c6ae93cc0007153d39",
      "time": "1732532422884000000",
      "tradeId": "5674261185574913",
      "type": "match",
      "time_received": "11:00:22.9280"
    },
    {
      "makerOrderId": "674458c6ae93cc0007153d15",
      "price": "0.02328",
      "sequence": "5674261185705985",
      "side": "buy",
      "size": "1868.8",
      "symbol": "HAPPY-USDT",
      "takerOrderId": "674458c61586c10007eb61d3",
      "time": "1732532422884000000",
      "tradeId": "5674261185705985",
      "type": "match",
      "time_received": "11:00:22.9281"
    },
    {
      "makerOrderId": "674458c6ae93cc0007153d15",
      "price": "0.02328",
      "sequence": "5674261187016705",
      "side": "buy",
      "size": "224.5",
      "symbol": "HAPPY-USDT",
      "takerOrderId": "674458c6f1bf400007e132aa",
      "time": "1732532422888000000",
      "tradeId": "5674261187016705",
      "type": "match",
      "time_received": "11:00:22.9357"
    },
    {
      "makerOrderId": "674458c6ae93cc0007153d15",
      "price": "0.02328",
      "sequence": "5674261188720641",
      "side": "buy",
      "size": "1461.3",
      "symbol": "HAPPY-USDT",
      "takerOrderId": "674458c637061e0007914cdd",
      "time": "1732532422892000000",
      "tradeId": "5674261188720641",
      "type": "match",
      "time_received": "11:00:22.9359"
    },
    {
      "makerOrderId": "674458c6ae93cc0007153d15",
      "price": "0.02328",
      "sequence": "5674261190162433",
      "side": "buy",
      "size": "596.9",
      "symbol": "HAPPY-USDT",
      "takerOrderId": "674458c6f4f120000705572d",
      "time": "1732532422896000000",
      "tradeId": "5674261190162433",
      "type": "match",
      "time_received": "11:00:22.9443"
    },
    {
      "makerOrderId": "674458c6ae93cc0007153d15",
      "price": "0.02328",
      "sequence": "5674261192914945",
      "side": "buy",
      "size": "542.6",
      "symbol": "HAPPY-USDT",
      "takerOrderId": "674458c66967d300075070fd",
      "time": "1732532422906000000",
      "tradeId": "5674261192914945",
      "type": "match",
      "time_received": "11:00:22.9494"
    },
    {
      "makerOrderId": "674458c6ae93cc0007153d15",
      "price": "0.02328",
      "sequence": "5674261193439233",
      "side": "buy",
      "size": "542.6",
      "symbol": "HAPPY-USDT",
      "takerOrderId": "674458c6f4f120000705573d",
      "time": "1732532422907000000",
      "tradeId": "5674261193439233",
      "type": "match",
      "time_received": "11:00:22.9495"
    },
    {
      "makerOrderId": "674458c6ae93cc0007153d15",
      "price": "0.02328",
      "sequence": "5674261193570305",
      "side": "buy",
      "size": "1745",
      "symbol": "HAPPY-USDT",
      "takerOrderId": "674458c6088f010007f50088",
      "time": "1732532422907000000",
      "tradeId": "5674261193570305",
      "type": "match",
      "time_received": "11:00:22.9496"
    },
    {
      "makerOrderId": "674458c6ae93cc0007153d15",
      "price": "0.02328",
      "sequence": "5674261197895681",
      "side": "buy",
      "size": "542.6",
      "symbol": "HAPPY-USDT",
      "takerOrderId": "674458c6c5ba740007d52401",
      "time": "1732532422920000000",
      "tradeId": "5674261197895681",
      "type": "match",
      "time_received": "11:00:22.9670"
    },
    {
      "makerOrderId": "674458c6ae93cc0007153d15",
      "price": "0.02328",
      "sequence": "5674261204056065",
      "side": "buy",
      "size": "542.6",
      "symbol": "HAPPY-USDT",
      "takerOrderId": "674458c6c65bf700077fcaa5",
      "time": "1732532422937000000",
      "tradeId": "5674261204056065",
      "type": "match",
      "time_received": "11:00:22.9816"
    },
    {
      "makerOrderId": "674458c6ae93cc0007153d15",
      "price": "0.02328",
      "sequence": "5674261205366785",
      "side": "buy",
      "size": "1059.9",
      "symbol": "HAPPY-USDT",
      "takerOrderId": "674458c6f15b270007ed0cc0",
      "time": "1732532422941000000",
      "tradeId": "5674261205366785",
      "type": "match",
      "time_received": "11:00:22.9880"
    },
    {
      "makerOrderId": "674458c6ae93cc0007153d15",
      "price": "0.02328",
      "sequence": "5674261208774657",
      "side": "buy",
      "size": "467.2",
      "symbol": "HAPPY-USDT",
      "takerOrderId": "674458c6cf286a00078b7171",
      "time": "1732532422949000000",
      "tradeId": "5674261208774657",
      "type": "match",
      "time_received": "11:00:22.9961"
    },
    {
      "makerOrderId": "674458c6ae93cc0007153d15",
      "price": "0.02328",
      "sequence": "5674261208905729",
      "side": "buy",
      "size": "1059.9",
      "symbol": "HAPPY-USDT",
      "takerOrderId": "674458c6c5ba740007d52422",
      "time": "1732532422951000000",
      "tradeId": "5674261208905729",
      "type": "match",
      "time_received": "11:00:22.9967"
    },
    {
      "makerOrderId": "674458c6ae93cc0007153d15",
      "price": "0.02328",
      "sequence": "5674261212182529",
      "side": "buy",
      "size": "1988.9",
      "symbol": "HAPPY-USDT",
      "takerOrderId": "674458c6c5ba740007d5242a",
      "time": "1732532422957000000",
      "tradeId": "5674261212182529",
      "type": "match",
      "time_received": "11:00:23.0065"
    },
    {
      "makerOrderId": "674458c6ae93cc0007153d15",
      "price": "0.02328",
      "sequence": "5674261214541825",
      "side": "buy",
      "size": "1988.9",
      "symbol": "HAPPY-USDT",
      "takerOrderId": "674458c61586c10007eb623a",
      "time": "1732532422965000000",
      "tradeId": "5674261214541825",
      "type": "match",
      "time_received": "11:00:23.0104"
    },
    {
      "makerOrderId": "674458c6ae93cc0007153d15",
      "price": "0.02328",
      "sequence": "5674261218998273",
      "side": "buy",
      "size": "665.4",
      "symbol": "HAPPY-USDT",
      "takerOrderId": "674458c6f4f1200007055791",
      "time": "1732532422983000000",
      "tradeId": "5674261218998273",
      "type": "match",
      "time_received": "11:00:23.0300"
    },
    {
      "makerOrderId": "674458c6ae93cc0007153d15",
      "price": "0.02328",
      "sequence": "5674261219129345",
      "side": "buy",
      "size": "436.3",
      "symbol": "HAPPY-USDT",
      "takerOrderId": "674458c6df6f6e0007c08e46",
      "time": "1732532422983000000",
      "tradeId": "5674261219129345",
      "type": "match",
      "time_received": "11:00:23.0301"
    },
    {
      "makerOrderId": "674458c6ae93cc0007153d15",
      "price": "0.02328",
      "sequence": "5674261220833281",
      "side": "buy",
      "size": "435.6",
      "symbol": "HAPPY-USDT",
      "takerOrderId": "674458c6088f010007f500e3",
      "time": "1732532422989000000",
      "tradeId": "5674261220833281",
      "type": "match",
      "time_received": "11:00:23.0373"
    },
    {
      "makerOrderId": "674458c6ae93cc0007153d15",
      "price": "0.02328",
      "sequence": "5674261224634369",
      "side": "buy",
      "size": "412.3",
      "symbol": "HAPPY-USDT",
      "takerOrderId": "674458c667cdc900079816cf",
      "time": "1732532422998000000",
      "tradeId": "5674261224634369",
      "type": "match",
      "time_received": "11:00:23.0431"
    },
    {
      "makerOrderId": "674458c6ae93cc0007153d15",
      "price": "0.02328",
      "sequence": "5674261225814017",
      "side": "buy",
      "size": "1432",
      "symbol": "HAPPY-USDT",
      "takerOrderId": "674458c6b7e21a0007b06b69",
      "time": "1732532423001000000",
      "tradeId": "5674261225814017",
      "type": "match",
      "time_received": "11:00:23.0433"
    },
    {
      "makerOrderId": "674458c6ae93cc0007153d15",
      "price": "0.02328",
      "sequence": "5674261228304385",
      "side": "buy",
      "size": "319.4",
      "symbol": "HAPPY-USDT",
      "takerOrderId": "674458c76967d30007507187",
      "time": "1732532423013000000",
      "tradeId": "5674261228304385",
      "type": "match",
      "time_received": "11:00:23.0585"
    },
    {
      "makerOrderId": "674458c6ae93cc0007153d15",
      "price": "0.02328",
      "sequence": "5674261231712257",
      "side": "buy",
      "size": "561.7",
      "symbol": "HAPPY-USDT",
      "takerOrderId": "674458c7c5ba740007d52477",
      "time": "1732532423019000000",
      "tradeId": "5674261231712257",
      "type": "match",
      "time_received": "11:00:23.0661"
    },
    {
      "makerOrderId": "674458c6ae93cc0007153d15",
      "price": "0.02328",
      "sequence": "5674261234071553",
      "side": "buy",
      "size": "319.3",
      "symbol": "HAPPY-USDT",
      "takerOrderId": "674458c7c5ba740007d52485",
      "time": "1732532423030000000",
      "tradeId": "5674261234071553",
      "type": "match",
      "time_received": "11:00:23.0777"
    },
    {
      "makerOrderId": "674458c6ae93cc0007153d15",
      "price": "0.02328",
      "sequence": "5674261235513345",
      "side": "buy",
      "size": "602.4",
      "symbol": "HAPPY-USDT",
      "takerOrderId": "674458c737061e0007914d78",
      "time": "1732532423033000000",
      "tradeId": "5674261235513345",
      "type": "match",
      "time_received": "11:00:23.0778"
    },
    {
      "makerOrderId": "674458c7f15b270007ed11a4",
      "price": "0.02399",
      "sequence": "5674261653633025",
      "side": "buy",
      "size": "13.6",
      "symbol": "HAPPY-USDT",
      "takerOrderId": "674458c8ae93cc000715454f",
      "time": "1732532424019000000",
      "tradeId": "5674261653633025",
      "type": "match",
      "time_received": "11:00:24.0678"
    },
    {
      "makerOrderId": "674458c94fe746000747803c",
      "price": "0.02396",
      "sequence": "5674262159177729",
      "side": "buy",
      "size": "345.3",
      "symbol": "HAPPY-USDT",
      "takerOrderId": "674458c96967d30007508401",
      "time": "1732532425482000000",
      "tradeId": "5674262159177729",
      "type": "match",
      "time_received": "11:00:25.5306"
    },
    {
      "makerOrderId": "674458c931d095000777f704",
      "price": "0.02396",
      "sequence": "5674262159177732",
      "side": "buy",
      "size": "328.3",
      "symbol": "HAPPY-USDT",
      "takerOrderId": "674458c96967d30007508401",
      "time": "1732532425482000000",
      "tradeId": "5674262159177732",
      "type": "match",
      "time_received": "11:00:25.5308"
    },
    {
      "makerOrderId": "674458c931d095000777f704",
      "price": "0.02396",
      "sequence": "5674262276880385",
      "side": "buy",
      "size": "1648",
      "symbol": "HAPPY-USDT",
      "takerOrderId": "674458c967cdc90007982b87",
      "time": "1732532425837000000",
      "tradeId": "5674262276880385",
      "type": "match",
      "time_received": "11:00:25.8832"
    },
    {
      "makerOrderId": "674458c3c5ba740007d50e90",
      "price": "0.024",
      "sequence": "5674262276880388",
      "side": "buy",
      "size": "18335",
      "symbol": "HAPPY-USDT",
      "takerOrderId": "674458c967cdc90007982b87",
      "time": "1732532425837000000",
      "tradeId": "5674262276880388",
      "type": "match",
      "time_received": "11:00:25.8833"
    },
    {
      "makerOrderId": "674458ce31d0950007781767",
      "price": "0.02398",
      "sequence": "5674264076105729",
      "side": "buy",
      "size": "32.9",
      "symbol": "HAPPY-USDT",
      "takerOrderId": "674458ceb7e21a0007b09e0d",
      "time": "1732532430890000000",
      "tradeId": "5674264076105729",
      "type": "match",
      "time_received": "11:00:30.9397"
    },
    {
      "makerOrderId": "674458cf1586c10007eb9785",
      "price": "0.02396",
      "sequence": "5674264546785281",
      "side": "buy",
      "size": "15202.8",
      "symbol": "HAPPY-USDT",
      "takerOrderId": "674458d0c65bf70007800665",
      "time": "1732532432455000000",
      "tradeId": "5674264546785281",
      "type": "match",
      "time_received": "11:00:32.5028"
    },
    {
      "makerOrderId": "674458cf1586c10007eb9785",
      "price": "0.02396",
      "sequence": "5674265052985345",
      "side": "buy",
      "size": "28492.6",
      "symbol": "HAPPY-USDT",
      "takerOrderId": "674458d237061e0007919386",
      "time": "1732532434053000000",
      "tradeId": "5674265052985345",
      "type": "match",
      "time_received": "11:00:34.1028"
    },
    {
      "makerOrderId": "674458d20d855300076c05af",
      "price": "0.02343",
      "sequence": "5674265219184641",
      "side": "sell",
      "size": "356.5",
      "symbol": "HAPPY-USDT",
      "takerOrderId": "674458d237061e000791970a",
      "time": "1732532434686000000",
      "tradeId": "5674265219184641",
      "type": "match",
      "time_received": "11:00:34.7337"
    },
    {
      "makerOrderId": "674458d20d855300076c05af",
      "price": "0.02343",
      "sequence": "5674265220757505",
      "side": "sell",
      "size": "590",
      "symbol": "HAPPY-USDT",
      "takerOrderId": "674458d2f4a7c50007e73944",
      "time": "1732532434690000000",
      "tradeId": "5674265220757505",
      "type": "match",
      "time_received": "11:00:34.7339"
    },
    {
      "makerOrderId": "674458d36967d3000750bfa1",
      "price": "0.02344",
      "sequence": "5674265521567745",
      "side": "sell",
      "size": "503.5",
      "symbol": "HAPPY-USDT",
      "takerOrderId": "674458d3ae93cc0007158db3",
      "time": "1732532435503000000",
      "tradeId": "5674265521567745",
      "type": "match",
      "time_received": "11:00:35.5507"
    },
    {
      "makerOrderId": "674458d36967d3000750bfa1",
      "price": "0.02344",
      "sequence": "5674265526810625",
      "side": "sell",
      "size": "338",
      "symbol": "HAPPY-USDT",
      "takerOrderId": "674458d3088f010007f55071",
      "time": "1732532435531000000",
      "tradeId": "5674265526810625",
      "type": "match",
      "time_received": "11:00:35.5792"
    },
    {
      "makerOrderId": "674458cf1586c10007eb9785",
      "price": "0.02396",
      "sequence": "5674265555384321",
      "side": "buy",
      "size": "460.2",
      "symbol": "HAPPY-USDT",
      "takerOrderId": "674458d31586c10007ebb209",
      "time": "1732532435606000000",
      "tradeId": "5674265555384321",
      "type": "match",
      "time_received": "11:00:35.6523"
    },
    {
      "makerOrderId": "674458ce31d0950007781767",
      "price": "0.02398",
      "sequence": "5674265555384324",
      "side": "buy",
      "size": "2628.9",
      "symbol": "HAPPY-USDT",
      "takerOrderId": "674458d31586c10007ebb209",
      "time": "1732532435606000000",
      "tradeId": "5674265555384324",
      "type": "match",
      "time_received": "11:00:35.6524"
    },
    {
      "makerOrderId": "674458d331d09500077832c5",
      "price": "0.02344",
      "sequence": "5674265613842433",
      "side": "sell",
      "size": "340.8",
      "symbol": "HAPPY-USDT",
      "takerOrderId": "674458d3c65bf70007801b17",
      "time": "1732532435774000000",
      "tradeId": "5674265613842433",
      "type": "match",
      "time_received": "11:00:35.8168"
    },
    {
      "makerOrderId": "674458d3c65bf70007801b2f",
      "price": "0.02345",
      "sequence": "5674265639270401",
      "side": "sell",
      "size": "632.6",
      "symbol": "HAPPY-USDT",
      "takerOrderId": "674458d30d855300076c0c4f",
      "time": "1732532435843000000",
      "tradeId": "5674265639270401",
      "type": "match",
      "time_received": "11:00:35.8927"
    },
    {
      "makerOrderId": "674458d3cf286a00078bc2e5",
      "price": "0.02397",
      "sequence": "5674265934182401",
      "side": "buy",
      "size": "946.5",
      "symbol": "HAPPY-USDT",
      "takerOrderId": "674458d4c65bf70007801f89",
      "time": "1732532436698000000",
      "tradeId": "5674265934182401",
      "type": "match",
      "time_received": "11:00:36.7468"
    },
    {
      "makerOrderId": "674458ce31d0950007781767",
      "price": "0.02398",
      "sequence": "5674265934182404",
      "side": "buy",
      "size": "994.9",
      "symbol": "HAPPY-USDT",
      "takerOrderId": "674458d4c65bf70007801f89",
      "time": "1732532436698000000",
      "tradeId": "5674265934182404",
      "type": "match",
      "time_received": "11:00:36.7469"
    },
    {
      "makerOrderId": "674458d40d855300076c1136",
      "price": "0.02346",
      "sequence": "5674266197637121",
      "side": "sell",
      "size": "340.8",
      "symbol": "HAPPY-USDT",
      "takerOrderId": "674458d537061e000791a64d",
      "time": "1732532437593000000",
      "tradeId": "5674266197637121",
      "type": "match",
      "time_received": "11:00:37.6400"
    },
    {
      "makerOrderId": "674458d40d855300076c1136",
      "price": "0.02346",
      "sequence": "5674266204321793",
      "side": "sell",
      "size": "340.8",
      "symbol": "HAPPY-USDT",
      "takerOrderId": "674458d5ae93cc00071598d0",
      "time": "1732532437611000000",
      "tradeId": "5674266204321793",
      "type": "match",
      "time_received": "11:00:37.6588"
    },
    {
      "makerOrderId": "674458d40d855300076c1136",
      "price": "0.02346",
      "sequence": "5674266223065089",
      "side": "sell",
      "size": "442.7",
      "symbol": "HAPPY-USDT",
      "takerOrderId": "674458d5df6f6e0007c0e95b",
      "time": "1732532437653000000",
      "tradeId": "5674266223065089",
      "type": "match",
      "time_received": "11:00:37.6979"
    },
    {
      "makerOrderId": "674458d40d855300076c1136",
      "price": "0.02346",
      "sequence": "5674266225686529",
      "side": "sell",
      "size": "240.5",
      "symbol": "HAPPY-USDT",
      "takerOrderId": "674458d5f4a7c50007e749ae",
      "time": "1732532437660000000",
      "tradeId": "5674266225686529",
      "type": "match",
      "time_received": "11:00:37.7059"
    },
    {
      "makerOrderId": "674458d40d855300076c1136",
      "price": "0.02346",
      "sequence": "5674266274576385",
      "side": "sell",
      "size": "111",
      "symbol": "HAPPY-USDT",
      "takerOrderId": "674458d54fe746000747cbe0",
      "time": "1732532437766000000",
      "tradeId": "5674266274576385",
      "type": "match",
      "time_received": "11:00:37.8102"
    },
    {
      "makerOrderId": "674458d4088f010007f55757",
      "price": "0.02346",
      "sequence": "5674266274576388",
      "side": "sell",
      "size": "229.8",
      "symbol": "HAPPY-USDT",
      "takerOrderId": "674458d54fe746000747cbe0",
      "time": "1732532437766000000",
      "tradeId": "5674266274576388",
      "type": "match",
      "time_received": "11:00:37.8103"
    },
    {
      "makerOrderId": "674458d537061e000791a867",
      "price": "0.02347",
      "sequence": "5674266308655105",
      "side": "sell",
      "size": "1013.5",
      "symbol": "HAPPY-USDT",
      "takerOrderId": "674458d5cf286a00078bced4",
      "time": "1732532437876000000",
      "tradeId": "5674266308655105",
      "type": "match",
      "time_received": "11:00:37.9244"
    },
    {
      "makerOrderId": "674458d537061e000791a867",
      "price": "0.02347",
      "sequence": "5674266331461633",
      "side": "sell",
      "size": "253.4",
      "symbol": "HAPPY-USDT",
      "takerOrderId": "674458d537061e000791a8af",
      "time": "1732532437891000000",
      "tradeId": "5674266331461633",
      "type": "match",
      "time_received": "11:00:37.9383"
    },
    {
      "makerOrderId": "674458d50d855300076c1792",
      "price": "0.02347",
      "sequence": "5674266331461636",
      "side": "sell",
      "size": "325.9",
      "symbol": "HAPPY-USDT",
      "takerOrderId": "674458d537061e000791a8af",
      "time": "1732532437891000000",
      "tradeId": "5674266331461636",
      "type": "match",
      "time_received": "11:00:37.9384"
    },
    {
      "makerOrderId": "674458d6b7e21a0007b0cbc8",
      "price": "0.02395",
      "sequence": "5674266610776065",
      "side": "buy",
      "size": "570.6",
      "symbol": "HAPPY-USDT",
      "takerOrderId": "674458d60d855300076c1ccb",
      "time": "1732532438652000000",
      "tradeId": "5674266610776065",
      "type": "match",
      "time_received": "11:00:38.7005"
    },
    {
      "makerOrderId": "674458d631d09500077845a1",
      "price": "0.02395",
      "sequence": "5674266610776068",
      "side": "buy",
      "size": "1850.1",
      "symbol": "HAPPY-USDT",
      "takerOrderId": "674458d60d855300076c1ccb",
      "time": "1732532438652000000",
      "tradeId": "5674266610776068",
      "type": "match",
      "time_received": "11:00:38.7053"
    },
    {
      "makerOrderId": "674458dcd52cb800074addbd",
      "price": "0.02386",
      "sequence": "5674268901521409",
      "side": "buy",
      "size": "258.3",
      "symbol": "HAPPY-USDT",
      "takerOrderId": "674458dc0d855300076c47d0",
      "time": "1732532444471000000",
      "tradeId": "5674268901521409",
      "type": "match",
      "time_received": "11:00:44.5205"
    },
    {
      "makerOrderId": "674458dc1586c10007ebeda3",
      "price": "0.02386",
      "sequence": "5674268901521412",
      "side": "buy",
      "size": "1033.3",
      "symbol": "HAPPY-USDT",
      "takerOrderId": "674458dc0d855300076c47d0",
      "time": "1732532444471000000",
      "tradeId": "5674268901521412",
      "type": "match",
      "time_received": "11:00:44.5205"
    },
    {
      "makerOrderId": "674458e067cdc9000798b7d2",
      "price": "0.02347",
      "sequence": "5674270216828929",
      "side": "sell",
      "size": "1131.7",
      "symbol": "HAPPY-USDT",
      "takerOrderId": "674458e0cf286a00078c1433",
      "time": "1732532448352000000",
      "tradeId": "5674270216828929",
      "type": "match",
      "time_received": "11:00:48.3994"
    },
    {
      "makerOrderId": "674458e067cdc9000798b7d2",
      "price": "0.02347",
      "sequence": "5674270218139649",
      "side": "sell",
      "size": "1131.7",
      "symbol": "HAPPY-USDT",
      "takerOrderId": "674458e0f1bf400007e1d613",
      "time": "1732532448358000000",
      "tradeId": "5674270218139649",
      "type": "match",
      "time_received": "11:00:48.4043"
    },
    {
      "makerOrderId": "674458dec65bf70007806592",
      "price": "0.0235",
      "sequence": "5674271191218177",
      "side": "buy",
      "size": "1025.4",
      "symbol": "HAPPY-USDT",
      "takerOrderId": "674458e337061e0007920067",
      "time": "1732532451311000000",
      "tradeId": "5674271191218177",
      "type": "match",
      "time_received": "11:00:51.3597"
    },
    {
      "makerOrderId": "674458e067cdc9000798b7d2",
      "price": "0.02347",
      "sequence": "5674271487178753",
      "side": "sell",
      "size": "204.4",
      "symbol": "HAPPY-USDT",
      "takerOrderId": "674458e46967d30007512c80",
      "time": "1732532452187000000",
      "tradeId": "5674271487178753",
      "type": "match",
      "time_received": "11:00:52.2345"
    },
    {
      "makerOrderId": "674458e7d52cb800074b22eb",
      "price": "0.02349",
      "sequence": "5674274368403457",
      "side": "buy",
      "size": "321.4",
      "symbol": "HAPPY-USDT",
      "takerOrderId": "674458ec37061e000792372a",
      "time": "1732532460120000000",
      "tradeId": "5674274368403457",
      "type": "match",
      "time_received": "11:01:00.1682"
    },
    {
      "makerOrderId": "674458e067cdc9000798b7d2",
      "price": "0.02347",
      "sequence": "5674274667640833",
      "side": "sell",
      "size": "44.6",
      "symbol": "HAPPY-USDT",
      "takerOrderId": "674458ecf15b270007edfdda",
      "time": "1732532460864000000",
      "tradeId": "5674274667640833",
      "type": "match",
      "time_received": "11:01:00.9074"
    },
    {
      "makerOrderId": "674458e81586c10007ec37cd",
      "price": "0.02349",
      "sequence": "5674276240898049",
      "side": "buy",
      "size": "325.9",
      "symbol": "HAPPY-USDT",
      "takerOrderId": "674458f167cdc900079920b6",
      "time": "1732532465038000000",
      "tradeId": "5674276240898049",
      "type": "match",
      "time_received": "11:01:05.0828"
    },
    {
      "makerOrderId": "674458dec65bf70007806592",
      "price": "0.0235",
      "sequence": "5674276240898052",
      "side": "buy",
      "size": "679.9",
      "symbol": "HAPPY-USDT",
      "takerOrderId": "674458f167cdc900079920b6",
      "time": "1732532465038000000",
      "tradeId": "5674276240898052",
      "type": "match",
      "time_received": "11:01:05.0829"
    },
    {
      "makerOrderId": "674458f1f4a7c50007e7f9f5",
      "price": "0.02349",
      "sequence": "5674276341561345",
      "side": "buy",
      "size": "333.3",
      "symbol": "HAPPY-USDT",
      "takerOrderId": "674458f10d855300076cc813",
      "time": "1732532465347000000",
      "tradeId": "5674276341561345",
      "type": "match",
      "time_received": "11:01:05.3950"
    },
    {
      "makerOrderId": "674458e067cdc9000798b7d2",
      "price": "0.02347",
      "sequence": "5674276565825537",
      "side": "sell",
      "size": "665",
      "symbol": "HAPPY-USDT",
      "takerOrderId": "674458f1d52cb800074b62d5",
      "time": "1732532465983000000",
      "tradeId": "5674276565825537",
      "type": "match",
      "time_received": "11:01:06.0256"
    },
    {
      "makerOrderId": "674458dec65bf70007806592",
      "price": "0.0235",
      "sequence": "5674277432735745",
      "side": "buy",
      "size": "399.8",
      "symbol": "HAPPY-USDT",
      "takerOrderId": "674458f4ae93cc0007165c6b",
      "time": "1732532468590000000",
      "tradeId": "5674277432735745",
      "type": "match",
      "time_received": "11:01:08.6379"
    },
    {
      "makerOrderId": "674458e067cdc9000798b7d2",
      "price": "0.02347",
      "sequence": "5674278348929025",
      "side": "sell",
      "size": "1135.9",
      "symbol": "HAPPY-USDT",
      "takerOrderId": "674458f7f15b270007ee3a11",
      "time": "1732532471074000000",
      "tradeId": "5674278348929025",
      "type": "match",
      "time_received": "11:01:11.1309"
    },
    {
      "makerOrderId": "674458e067cdc9000798b7d2",
      "price": "0.02347",
      "sequence": "5674278763640833",
      "side": "sell",
      "size": "436.3",
      "symbol": "HAPPY-USDT",
      "takerOrderId": "674458f8f15b270007ee408f",
      "time": "1732532472207000000",
      "tradeId": "5674278763640833",
      "type": "match",
      "time_received": "11:01:12.2539"
    },
    {
      "makerOrderId": "674458e067cdc9000798b7d2",
      "price": "0.02347",
      "sequence": "5674278797195265",
      "side": "sell",
      "size": "1176.2",
      "symbol": "HAPPY-USDT",
      "takerOrderId": "674458f8f4f1200007068b87",
      "time": "1732532472295000000",
      "tradeId": "5674278797195265",
      "type": "match",
      "time_received": "11:01:12.3442"
    },
    {
      "makerOrderId": "674458dec65bf70007806592",
      "price": "0.0235",
      "sequence": "5674278805583873",
      "side": "buy",
      "size": "7167.7",
      "symbol": "HAPPY-USDT",
      "takerOrderId": "674458f8cf286a00078ca52f",
      "time": "1732532472318000000",
      "tradeId": "5674278805583873",
      "type": "match",
      "time_received": "11:01:12.3704"
    },
    {
      "makerOrderId": "674458dec65bf70007806592",
      "price": "0.0235",
      "sequence": "5674278844250113",
      "side": "buy",
      "size": "3208",
      "symbol": "HAPPY-USDT",
      "takerOrderId": "674458f8088f010007f6351a",
      "time": "1732532472460000000",
      "tradeId": "5674278844250113",
      "type": "match",
      "time_received": "11:01:12.5080"
    },
    {
      "makerOrderId": "674458e067cdc9000798b7d2",
      "price": "0.02347",
      "sequence": "5674279059339265",
      "side": "sell",
      "size": "882",
      "symbol": "HAPPY-USDT",
      "takerOrderId": "674458f9df6f6e0007c1c666",
      "time": "1732532473120000000",
      "tradeId": "5674279059339265",
      "type": "match",
      "time_received": "11:01:13.1683"
    },
    {
      "makerOrderId": "674458dec65bf70007806592",
      "price": "0.0235",
      "sequence": "5674279510882305",
      "side": "buy",
      "size": "100",
      "symbol": "HAPPY-USDT",
      "takerOrderId": "674458fadf6f6e0007c1ce1a",
      "time": "1732532474367000000",
      "tradeId": "5674279510882305",
      "type": "match",
      "time_received": "11:01:14.4131"
    },
    {
      "makerOrderId": "674458dec65bf70007806592",
      "price": "0.0235",
      "sequence": "5674280930916353",
      "side": "buy",
      "size": "525.7",
      "symbol": "HAPPY-USDT",
      "takerOrderId": "674458fef4f120000706ad43",
      "time": "1732532478533000000",
      "tradeId": "5674280930916353",
      "type": "match",
      "time_received": "11:01:18.5820"
    },
    {
      "makerOrderId": "674458e067cdc9000798b7d2",
      "price": "0.02347",
      "sequence": "5674281392420865",
      "side": "sell",
      "size": "17761.3",
      "symbol": "HAPPY-USDT",
      "takerOrderId": "674458fff1bf400007e29001",
      "time": "1732532479854000000",
      "tradeId": "5674281392420865",
      "type": "match",
      "time_received": "11:01:19.8976"
    },
    {
      "makerOrderId": "67445903d52cb800074bc5ef",
      "price": "0.02348",
      "sequence": "5674282817959937",
      "side": "sell",
      "size": "2113.7",
      "symbol": "HAPPY-USDT",
      "takerOrderId": "67445904b7e21a0007b1e159",
      "time": "1732532484307000000",
      "tradeId": "5674282817959937",
      "type": "match",
      "time_received": "11:01:24.3579"
    },
    {
      "makerOrderId": "674458e067cdc9000798b7d2",
      "price": "0.02347",
      "sequence": "5674282817959940",
      "side": "sell",
      "size": "17593.9",
      "symbol": "HAPPY-USDT",
      "takerOrderId": "67445904b7e21a0007b1e159",
      "time": "1732532484307000000",
      "tradeId": "5674282817959940",
      "type": "match",
      "time_received": "11:01:24.3580"
    },
    {
      "makerOrderId": "674458e7df6f6e0007c15b6f",
      "price": "0.02347",
      "sequence": "5674282817959943",
      "side": "sell",
      "size": "1220.3",
      "symbol": "HAPPY-USDT",
      "takerOrderId": "67445904b7e21a0007b1e159",
      "time": "1732532484307000000",
      "tradeId": "5674282817959943",
      "type": "match",
      "time_received": "11:01:24.3580"
    },
    {
      "makerOrderId": "674458ec1586c10007ec5297",
      "price": "0.02347",
      "sequence": "5674282817959946",
      "side": "sell",
      "size": "325.4",
      "symbol": "HAPPY-USDT",
      "takerOrderId": "67445904b7e21a0007b1e159",
      "time": "1732532484307000000",
      "tradeId": "5674282817959946",
      "type": "match",
      "time_received": "11:01:24.3581"
    },
    {
      "makerOrderId": "674459046967d3000751e9c3",
      "price": "0.02383",
      "sequence": "5674283047073793",
      "side": "buy",
      "size": "1034.8",
      "symbol": "HAPPY-USDT",
      "takerOrderId": "67445904cf286a00078ceb17",
      "time": "1732532484999000000",
      "tradeId": "5674283047073793",
      "type": "match",
      "time_received": "11:01:25.0454"
    },
    {
      "makerOrderId": "67445905f4f120000706d6d7",
      "price": "0.02381",
      "sequence": "5674283502155777",
      "side": "buy",
      "size": "416.6",
      "symbol": "HAPPY-USDT",
      "takerOrderId": "674459060d855300076d3e40",
      "time": "1732532486280000000",
      "tradeId": "5674283502155777",
      "type": "match",
      "time_received": "11:01:26.3286"
    },
    {
      "makerOrderId": "674459051586c10007ecdce3",
      "price": "0.02336",
      "sequence": "5674283611338753",
      "side": "sell",
      "size": "1040.6",
      "symbol": "HAPPY-USDT",
      "takerOrderId": "6744590667cdc90007999b58",
      "time": "1732532486634000000",
      "tradeId": "5674283611338753",
      "type": "match",
      "time_received": "11:01:26.6816"
    },
    {
      "makerOrderId": "67445904f1bf400007e2a8f8",
      "price": "0.02335",
      "sequence": "5674283611338756",
      "side": "sell",
      "size": "4813.7",
      "symbol": "HAPPY-USDT",
      "takerOrderId": "6744590667cdc90007999b58",
      "time": "1732532486634000000",
      "tradeId": "5674283611338756",
      "type": "match",
      "time_received": "11:01:26.6817"
    },
    {
      "makerOrderId": "674459034fe746000748e509",
      "price": "0.0233",
      "sequence": "5674283611338759",
      "side": "sell",
      "size": "10564.8",
      "symbol": "HAPPY-USDT",
      "takerOrderId": "6744590667cdc90007999b58",
      "time": "1732532486634000000",
      "tradeId": "5674283611338759",
      "type": "match",
      "time_received": "11:01:26.6818"
    },
    {
      "makerOrderId": "6744590bf4a7c50007e88f39",
      "price": "0.0235",
      "sequence": "5674286039316481",
      "side": "buy",
      "size": "1484.3",
      "symbol": "HAPPY-USDT",
      "takerOrderId": "6744590df15b270007eebb2d",
      "time": "1732532493895000000",
      "tradeId": "5674286039316481",
      "type": "match",
      "time_received": "11:01:33.9444"
    },
    {
      "makerOrderId": "6744590bf4a7c50007e88f39",
      "price": "0.0235",
      "sequence": "5674286106425345",
      "side": "buy",
      "size": "457.1",
      "symbol": "HAPPY-USDT",
      "takerOrderId": "6744590ec5ba740007d6d544",
      "time": "1732532494105000000",
      "tradeId": "5674286106425345",
      "type": "match",
      "time_received": "11:01:34.1525"
    },
    {
      "makerOrderId": "6744590ec5ba740007d6d544",
      "price": "0.02369",
      "sequence": "5674286110226433",
      "side": "sell",
      "size": "461.8",
      "symbol": "HAPPY-USDT",
      "takerOrderId": "6744590e1586c10007ed11eb",
      "time": "1732532494117000000",
      "tradeId": "5674286110226433",
      "type": "match",
      "time_received": "11:01:34.1652"
    },
    {
      "makerOrderId": "6744590ec5ba740007d6d544",
      "price": "0.02369",
      "sequence": "5674286117304321",
      "side": "sell",
      "size": "1003.7",
      "symbol": "HAPPY-USDT",
      "takerOrderId": "6744590ec5ba740007d6d587",
      "time": "1732532494139000000",
      "tradeId": "5674286117304321",
      "type": "match",
      "time_received": "11:01:34.1874"
    },
    {
      "makerOrderId": "6744590ec5ba740007d6d544",
      "price": "0.02369",
      "sequence": "5674286118221825",
      "side": "sell",
      "size": "1500",
      "symbol": "HAPPY-USDT",
      "takerOrderId": "6744590ef4a7c50007e89e83",
      "time": "1732532494141000000",
      "tradeId": "5674286118221825",
      "type": "match",
      "time_received": "11:01:34.1875"
    },
    {
      "makerOrderId": "6744590ec5ba740007d6d544",
      "price": "0.02369",
      "sequence": "5674286119139329",
      "side": "sell",
      "size": "1060.4",
      "symbol": "HAPPY-USDT",
      "takerOrderId": "6744590e4fe7460007492152",
      "time": "1732532494144000000",
      "tradeId": "5674286119139329",
      "type": "match",
      "time_received": "11:01:34.1876"
    },
    {
      "makerOrderId": "6744590ec5ba740007d6d544",
      "price": "0.02369",
      "sequence": "5674286119270401",
      "side": "sell",
      "size": "527.7",
      "symbol": "HAPPY-USDT",
      "takerOrderId": "6744590e4fe7460007492154",
      "time": "1732532494144000000",
      "tradeId": "5674286119270401",
      "type": "match",
      "time_received": "11:01:34.1876"
    },
    {
      "makerOrderId": "6744590ec5ba740007d6d544",
      "price": "0.02369",
      "sequence": "5674286119794689",
      "side": "sell",
      "size": "1241.1",
      "symbol": "HAPPY-USDT",
      "takerOrderId": "6744590ef4a7c50007e89e8e",
      "time": "1732532494146000000",
      "tradeId": "5674286119794689",
      "type": "match",
      "time_received": "11:01:34.1935"
    },
    {
      "makerOrderId": "6744590ec5ba740007d6d544",
      "price": "0.02369",
      "sequence": "5674286223865857",
      "side": "sell",
      "size": "445.5",
      "symbol": "HAPPY-USDT",
      "takerOrderId": "6744590e088f010007f6b321",
      "time": "1732532494386000000",
      "tradeId": "5674286223865857",
      "type": "match",
      "time_received": "11:01:34.4347"
    },
    {
      "makerOrderId": "67445914c65bf7000781a29c",
      "price": "0.0237",
      "sequence": "5674288552622081",
      "side": "buy",
      "size": "420.4",
      "symbol": "HAPPY-USDT",
      "takerOrderId": "67445915c65bf7000781a767",
      "time": "1732532501112000000",
      "tradeId": "5674288552622081",
      "type": "match",
      "time_received": "11:01:41.1603"
    },
    {
      "makerOrderId": "674459144fe74600074948fc",
      "price": "0.0237",
      "sequence": "5674288552622084",
      "side": "buy",
      "size": "1702.9",
      "symbol": "HAPPY-USDT",
      "takerOrderId": "67445915c65bf7000781a767",
      "time": "1732532501112000000",
      "tradeId": "5674288552622084",
      "type": "match",
      "time_received": "11:01:41.1604"
    },
    {
      "makerOrderId": "674458ff088f010007f65c67",
      "price": "0.02385",
      "sequence": "5674288552622087",
      "side": "buy",
      "size": "539.6",
      "symbol": "HAPPY-USDT",
      "takerOrderId": "67445915c65bf7000781a767",
      "time": "1732532501112000000",
      "tradeId": "5674288552622087",
      "type": "match",
      "time_received": "11:01:41.1604"
    },
    {
      "makerOrderId": "674459060d855300076d3fd5",
      "price": "0.02465",
      "sequence": "5674288552622090",
      "side": "buy",
      "size": "1566.9",
      "symbol": "HAPPY-USDT",
      "takerOrderId": "67445915c65bf7000781a767",
      "time": "1732532501112000000",
      "tradeId": "5674288552622090",
      "type": "match",
      "time_received": "11:01:41.1605"
    },
    {
      "makerOrderId": "67445915f4a7c50007e8cbfd",
      "price": "0.0237",
      "sequence": "5674289116887041",
      "side": "sell",
      "size": "2068.7",
      "symbol": "HAPPY-USDT",
      "takerOrderId": "67445916c5ba740007d70c51",
      "time": "1732532502808000000",
      "tradeId": "5674289116887041",
      "type": "match",
      "time_received": "11:01:42.8540"
    },
    {
      "makerOrderId": "6744590ec5ba740007d6d544",
      "price": "0.02369",
      "sequence": "5674289116887044",
      "side": "sell",
      "size": "12121.5",
      "symbol": "HAPPY-USDT",
      "takerOrderId": "67445916c5ba740007d70c51",
      "time": "1732532502808000000",
      "tradeId": "5674289116887044",
      "type": "match",
      "time_received": "11:01:42.8541"
    },
    {
      "makerOrderId": "67445913df6f6e0007c26255",
      "price": "0.02369",
      "sequence": "5674289116887047",
      "side": "sell",
      "size": "20.9",
      "symbol": "HAPPY-USDT",
      "takerOrderId": "67445916c5ba740007d70c51",
      "time": "1732532502808000000",
      "tradeId": "5674289116887047",
      "type": "match",
      "time_received": "11:01:42.8541"
    },
    {
      "makerOrderId": "67445917b7e21a0007b2546f",
      "price": "0.02368",
      "sequence": "5674289291868161",
      "side": "buy",
      "size": "365",
      "symbol": "HAPPY-USDT",
      "takerOrderId": "6744591737061e000793350c",
      "time": "1732532503339000000",
      "tradeId": "5674289291868161",
      "type": "match",
      "time_received": "11:01:43.3863"
    },
    {
      "makerOrderId": "67445917b7e21a0007b2546f",
      "price": "0.02368",
      "sequence": "5674289567381505",
      "side": "buy",
      "size": "827",
      "symbol": "HAPPY-USDT",
      "takerOrderId": "6744591837061e0007933995",
      "time": "1732532504096000000",
      "tradeId": "5674289567381505",
      "type": "match",
      "time_received": "11:01:44.1435"
    },
    {
      "makerOrderId": "6744591ed52cb800074c5fee",
      "price": "0.02367",
      "sequence": "5674291882899457",
      "side": "buy",
      "size": "42.3",
      "symbol": "HAPPY-USDT",
      "takerOrderId": "6744591e1586c10007ed75e4",
      "time": "1732532510914000000",
      "tradeId": "5674291882899457",
      "type": "match",
      "time_received": "11:01:50.9630"
    },
    {
      "makerOrderId": "6744591fc65bf7000781df0f",
      "price": "0.02368",
      "sequence": "5674292410857473",
      "side": "buy",
      "size": "2026.4",
      "symbol": "HAPPY-USDT",
      "takerOrderId": "67445920088f010007f71f20",
      "time": "1732532512465000000",
      "tradeId": "5674292410857473",
      "type": "match",
      "time_received": "11:01:52.5144"
    },
    {
      "makerOrderId": "67445920088f010007f71f20",
      "price": "0.02368",
      "sequence": "5674293464414209",
      "side": "sell",
      "size": "13574",
      "symbol": "HAPPY-USDT",
      "takerOrderId": "67445923f1bf400007e35fcc",
      "time": "1732532515605000000",
      "tradeId": "5674293464414209",
      "type": "match",
      "time_received": "11:01:55.6529"
    },
    {
      "makerOrderId": "67445923f1bf400007e35fcc",
      "price": "0.02368",
      "sequence": "5674293945841665",
      "side": "buy",
      "size": "300",
      "symbol": "HAPPY-USDT",
      "takerOrderId": "67445925c65bf7000781fddc",
      "time": "1732532517067000000",
      "tradeId": "5674293945841665",
      "type": "match",
      "time_received": "11:01:57.1114"
    }
  ]
}