[
    {
        "id": "1732009990888",
        "type": "pong",
        "timestamp": 1732009990933819,
        "timebefore_pong": "09:53:10.959"
    },
    {
        "id": "1732010010889",
        "type": "pong",
        "timestamp": 1732010010934295,
        "timebefore_pong": "09:53:30.959"
    },
    {
        "id": "1732010030889",
        "type": "pong",
        "timestamp": 1732010030935021,
        "timebefore_pong": "09:53:50.960"
    },
    {
        "id": "1732010050890",
        "type": "pong",
        "timestamp": 1732010050935634,
        "timebefore_pong": "09:54:10.961"
    },
    {
        "id": "1732010070891",
        "type": "pong",
        "timestamp": 1732010070936764,
        "timebefore_pong": "09:54:30.961"
    },
    {
        "id": "1732010090892",
        "type": "pong",
        "timestamp": 1732010090937432,
        "timebefore_pong": "09:54:50.962"
    },
    {
        "id": "1732010110893",
        "type": "pong",
        "timestamp": 1732010110937948,
        "timebefore_pong": "09:55:10.964"
    },
    {
        "id": "1732010130893",
        "type": "pong",
        "timestamp": 1732010130938355,
        "timebefore_pong": "09:55:30.964"
    },
    {
        "id": "1732010150894",
        "type": "pong",
        "timestamp": 1732010150939395,
        "timebefore_pong": "09:55:50.965"
    },
    {
        "id": "1732010170895",
        "type": "pong",
        "timestamp": 1732010170940217,
        "timebefore_pong": "09:56:10.966"
    },
    {
        "id": "1732010190896",
        "type": "pong",
        "timestamp": 1732010190940820,
        "timebefore_pong": "09:56:30.966"
    },
    {
        "id": "1732010210896",
        "type": "pong",
        "timestamp": 1732010210940979,
        "timebefore_pong": "09:56:50.966"
    },
    {
        "id": "1732010230897",
        "type": "pong",
        "timestamp": 1732010230942555,
        "timebefore_pong": "09:57:10.968"
    },
    {
        "id": "1732010250898",
        "type": "pong",
        "timestamp": 1732010250942782,
        "timebefore_pong": "09:57:30.969"
    },
    {
        "id": "1732010270899",
        "type": "pong",
        "timestamp": 1732010270943240,
        "timebefore_pong": "09:57:50.969"
    },
    {
        "id": "1732010290899",
        "type": "pong",
        "timestamp": 1732010290943689,
        "timebefore_pong": "09:58:10.970"
    },
    {
        "id": "1732010310900",
        "type": "pong",
        "timestamp": 1732010310944318,
        "timebefore_pong": "09:58:30.970"
    },
    {
        "id": "1732010330901",
        "type": "pong",
        "timestamp": 1732010330944633,
        "timebefore_pong": "09:58:50.971"
    },
    {
        "id": "1732010350901",
        "type": "pong",
        "timestamp": 1732010350945587,
        "timebefore_pong": "09:59:10.972"
    },
    {
        "id": "1732010370902",
        "type": "pong",
        "timestamp": 1732010370946054,
        "timebefore_pong": "09:59:30.972"
    },
    {
        "id": "1732010390903",
        "type": "pong",
        "timestamp": 1732010390946467,
        "timebefore_pong": "09:59:50.973"
    },
    {
        "topic": "/market/match:BTF-USDT",
        "type": "message",
        "subject": "trade.l3match",
        "data": {
            "price": "0.06",
            "sequence": "5495980171343873",
            "side": "sell",
            "size": "10",
            "symbol": "BTF-USDT",
            "time": "1732010400000000000",
            "tradeId": "5495980171343873",
            "type": "match",
            "time_if_data": "10:00:00.056",
            "time_at_process": "09:53:10.218"
        },
        "timebefore_pong": "10:00:00.056"
    },
    {
        "price": "0.06",
        "sequence": "5495980171343873",
        "side": "sell",
        "size": "10",
        "symbol": "BTF-USDT",
        "time": "1732010400000000000",
        "tradeId": "5495980171343873",
        "type": "match",
        "time_if_data": "10:00:00.056",
        "time_at_process": "09:53:10.218"
    },
    {
        "topic": "/market/match:BTF-USDT",
        "type": "message",
        "subject": "trade.l3match",
        "data": {
            "makerOrderId": "673c5fc0ab0f0a00075cdc58",
            "price": "0.09954",
            "sequence": "5495980171343874",
            "side": "buy",
            "size": "2310",
            "symbol": "BTF-USDT",
            "takerOrderId": "673c61a0355a3600073805ab",
            "time": "1732010400008000000",
            "tradeId": "5495980171343874",
            "type": "match",
            "time_if_data": "10:00:00.057",
            "time_at_process": "10:00:00.056"
        },
        "timebefore_pong": "10:00:00.057"
    },
    {
        "makerOrderId": "673c5fc0ab0f0a00075cdc58",
        "price": "0.09954",
        "sequence": "5495980171343874",
        "side": "buy",
        "size": "2310",
        "symbol": "BTF-USDT",
        "takerOrderId": "673c61a0355a3600073805ab",
        "time": "1732010400008000000",
        "tradeId": "5495980171343874",
        "type": "match",
        "time_if_data": "10:00:00.057",
        "time_at_process": "10:00:00.056"
    },
    {
        "topic": "/market/match:BTF-USDT",
        "type": "message",
        "subject": "trade.l3match",
        "data": {
            "makerOrderId": "673c5fc0ae43c40007556162",
            "price": "0.10431",
            "sequence": "5495980171343877",
            "side": "buy",
            "size": "2880",
            "symbol": "BTF-USDT",
            "takerOrderId": "673c61a0355a3600073805ab",
            "time": "1732010400008000000",
            "tradeId": "5495980171343877",
            "type": "match",
            "time_if_data": "10:00:00.057",
            "time_at_process": "10:00:00.057"
        },
        "timebefore_pong": "10:00:00.057"
    },
    {
        "makerOrderId": "673c5fc0ae43c40007556162",
        "price": "0.10431",
        "sequence": "5495980171343877",
        "side": "buy",
        "size": "2880",
        "symbol": "BTF-USDT",
        "takerOrderId": "673c61a0355a3600073805ab",
        "time": "1732010400008000000",
        "tradeId": "5495980171343877",
        "type": "match",
        "time_if_data": "10:00:00.057",
        "time_at_process": "10:00:00.057"
    },
    {
        "topic": "/market/match:BTF-USDT",
        "type": "message",
        "subject": "trade.l3match",
        "data": {
            "makerOrderId": "673c5fc0cf1a870007878376",
            "price": "0.10908",
            "sequence": "5495980171343880",
            "side": "buy",
            "size": "2846",
            "symbol": "BTF-USDT",
            "takerOrderId": "673c61a0355a3600073805ab",
            "time": "1732010400008000000",
            "tradeId": "5495980171343880",
            "type": "match",
            "time_if_data": "10:00:00.057",
            "time_at_process": "10:00:00.057"
        },
        "timebefore_pong": "10:00:00.057"
    },
    {
        "makerOrderId": "673c5fc0cf1a870007878376",
        "price": "0.10908",
        "sequence": "5495980171343880",
        "side": "buy",
        "size": "2846",
        "symbol": "BTF-USDT",
        "takerOrderId": "673c61a0355a3600073805ab",
        "time": "1732010400008000000",
        "tradeId": "5495980171343880",
        "type": "match",
        "time_if_data": "10:00:00.057",
        "time_at_process": "10:00:00.057"
    },
    {
        "topic": "/market/match:BTF-USDT",
        "type": "message",
        "subject": "trade.l3match",
        "data": {
            "makerOrderId": "673c5fc0cf1a870007878376",
            "price": "0.10908",
            "sequence": "5495980175144961",
            "side": "buy",
            "size": "754",
            "symbol": "BTF-USDT",
            "takerOrderId": "673c61a0355a3600073805d5",
            "time": "1732010400023000000",
            "tradeId": "5495980175144961",
            "type": "match",
            "time_if_data": "10:00:00.062",
            "time_at_process": "10:00:00.057"
        },
        "timebefore_pong": "10:00:00.062"
    },
    {
        "makerOrderId": "673c5fc0cf1a870007878376",
        "price": "0.10908",
        "sequence": "5495980175144961",
        "side": "buy",
        "size": "754",
        "symbol": "BTF-USDT",
        "takerOrderId": "673c61a0355a3600073805d5",
        "time": "1732010400023000000",
        "tradeId": "5495980175144961",
        "type": "match",
        "time_if_data": "10:00:00.062",
        "time_at_process": "10:00:00.057"
    },
    {
        "topic": "/market/match:BTF-USDT",
        "type": "message",
        "subject": "trade.l3match",
        "data": {
            "makerOrderId": "673c5fc02ab0100007756644",
            "price": "0.11385",
            "sequence": "5495980175144964",
            "side": "buy",
            "size": "4500",
            "symbol": "BTF-USDT",
            "takerOrderId": "673c61a0355a3600073805d5",
            "time": "1732010400023000000",
            "tradeId": "5495980175144964",
            "type": "match",
            "time_if_data": "10:00:00.063",
            "time_at_process": "10:00:00.062"
        },
        "timebefore_pong": "10:00:00.063"
    },
    {
        "makerOrderId": "673c5fc02ab0100007756644",
        "price": "0.11385",
        "sequence": "5495980175144964",
        "side": "buy",
        "size": "4500",
        "symbol": "BTF-USDT",
        "takerOrderId": "673c61a0355a3600073805d5",
        "time": "1732010400023000000",
        "tradeId": "5495980175144964",
        "type": "match",
        "time_if_data": "10:00:00.063",
        "time_at_process": "10:00:00.062"
    },
    {
        "topic": "/market/match:BTF-USDT",
        "type": "message",
        "subject": "trade.l3match",
        "data": {
            "makerOrderId": "673c5fc0f53c5a0007ac2f97",
            "price": "0.11862",
            "sequence": "5495980175144967",
            "side": "buy",
            "size": "2782",
            "symbol": "BTF-USDT",
            "takerOrderId": "673c61a0355a3600073805d5",
            "time": "1732010400023000000",
            "tradeId": "5495980175144967",
            "type": "match",
            "time_if_data": "10:00:00.063",
            "time_at_process": "10:00:00.063"
        },
        "timebefore_pong": "10:00:00.063"
    },
    {
        "makerOrderId": "673c5fc0f53c5a0007ac2f97",
        "price": "0.11862",
        "sequence": "5495980175144967",
        "side": "buy",
        "size": "2782",
        "symbol": "BTF-USDT",
        "takerOrderId": "673c61a0355a3600073805d5",
        "time": "1732010400023000000",
        "tradeId": "5495980175144967",
        "type": "match",
        "time_if_data": "10:00:00.063",
        "time_at_process": "10:00:00.063"
    },
    {
        "topic": "/market/match:BTF-USDT",
        "type": "message",
        "subject": "trade.l3match",
        "data": {
            "makerOrderId": "673c5fc0f53c5a0007ac2f97",
            "price": "0.11862",
            "sequence": "5495980175538177",
            "side": "buy",
            "size": "2848",
            "symbol": "BTF-USDT",
            "takerOrderId": "673c61a0355a3600073805b9",
            "time": "1732010400024000000",
            "tradeId": "5495980175538177",
            "type": "match",
            "time_if_data": "10:00:00.063",
            "time_at_process": "10:00:00.063"
        },
        "timebefore_pong": "10:00:00.063"
    },
    {
        "makerOrderId": "673c5fc0f53c5a0007ac2f97",
        "price": "0.11862",
        "sequence": "5495980175538177",
        "side": "buy",
        "size": "2848",
        "symbol": "BTF-USDT",
        "takerOrderId": "673c61a0355a3600073805b9",
        "time": "1732010400024000000",
        "tradeId": "5495980175538177",
        "type": "match",
        "time_if_data": "10:00:00.063",
        "time_at_process": "10:00:00.063"
    },
    {
        "topic": "/market/match:BTF-USDT",
        "type": "message",
        "subject": "trade.l3match",
        "data": {
            "makerOrderId": "673c5fc0ab0f0a00075cdda3",
            "price": "0.12338",
            "sequence": "5495980175538180",
            "side": "buy",
            "size": "5188",
            "symbol": "BTF-USDT",
            "takerOrderId": "673c61a0355a3600073805b9",
            "time": "1732010400024000000",
            "tradeId": "5495980175538180",
            "type": "match",
            "time_if_data": "10:00:00.063",
            "time_at_process": "10:00:00.063"
        },
        "timebefore_pong": "10:00:00.063"
    },
    {
        "makerOrderId": "673c5fc0ab0f0a00075cdda3",
        "price": "0.12338",
        "sequence": "5495980175538180",
        "side": "buy",
        "size": "5188",
        "symbol": "BTF-USDT",
        "takerOrderId": "673c61a0355a3600073805b9",
        "time": "1732010400024000000",
        "tradeId": "5495980175538180",
        "type": "match",
        "time_if_data": "10:00:00.063",
        "time_at_process": "10:00:00.063"
    },
    {
        "topic": "/market/match:BTF-USDT",
        "type": "message",
        "subject": "trade.l3match",
        "data": {
            "makerOrderId": "673c5fc0ab0f0a00075cdda3",
            "price": "0.12338",
            "sequence": "5495980176586753",
            "side": "buy",
            "size": "1852",
            "symbol": "BTF-USDT",
            "takerOrderId": "673c61a0355a3600073805c5",
            "time": "1732010400025000000",
            "tradeId": "5495980176586753",
            "type": "match",
            "time_if_data": "10:00:00.067",
            "time_at_process": "10:00:00.063"
        },
        "timebefore_pong": "10:00:00.067"
    },
    {
        "makerOrderId": "673c5fc0ab0f0a00075cdda3",
        "price": "0.12338",
        "sequence": "5495980176586753",
        "side": "buy",
        "size": "1852",
        "symbol": "BTF-USDT",
        "takerOrderId": "673c61a0355a3600073805c5",
        "time": "1732010400025000000",
        "tradeId": "5495980176586753",
        "type": "match",
        "time_if_data": "10:00:00.067",
        "time_at_process": "10:00:00.063"
    },
    {
        "topic": "/market/match:BTF-USDT",
        "type": "message",
        "subject": "trade.l3match",
        "data": {
            "makerOrderId": "673c5fc0858fce0007a66920",
            "price": "0.12815",
            "sequence": "5495980176586756",
            "side": "buy",
            "size": "6184",
            "symbol": "BTF-USDT",
            "takerOrderId": "673c61a0355a3600073805c5",
            "time": "1732010400025000000",
            "tradeId": "5495980176586756",
            "type": "match",
            "time_if_data": "10:00:00.126",
            "time_at_process": "10:00:00.067"
        },
        "timebefore_pong": "10:00:00.126"
    },
    {
        "makerOrderId": "673c5fc0858fce0007a66920",
        "price": "0.12815",
        "sequence": "5495980176586756",
        "side": "buy",
        "size": "6184",
        "symbol": "BTF-USDT",
        "takerOrderId": "673c61a0355a3600073805c5",
        "time": "1732010400025000000",
        "tradeId": "5495980176586756",
        "type": "match",
        "time_if_data": "10:00:00.126",
        "time_at_process": "10:00:00.067"
    },
    {
        "topic": "/market/match:BTF-USDT",
        "type": "message",
        "subject": "trade.l3match",
        "data": {
            "makerOrderId": "673c5fc0858fce0007a66920",
            "price": "0.12815",
            "sequence": "5495980177111041",
            "side": "buy",
            "size": "2616",
            "symbol": "BTF-USDT",
            "takerOrderId": "673c61a0355a3600073805e2",
            "time": "1732010400027000000",
            "tradeId": "5495980177111041",
            "type": "match",
            "time_if_data": "10:00:00.129",
            "time_at_process": "10:00:00.128"
        },
        "timebefore_pong": "10:00:00.129"
    },
    {
        "makerOrderId": "673c5fc0858fce0007a66920",
        "price": "0.12815",
        "sequence": "5495980177111041",
        "side": "buy",
        "size": "2616",
        "symbol": "BTF-USDT",
        "takerOrderId": "673c61a0355a3600073805e2",
        "time": "1732010400027000000",
        "tradeId": "5495980177111041",
        "type": "match",
        "time_if_data": "10:00:00.129",
        "time_at_process": "10:00:00.128"
    },
    {
        "topic": "/market/match:BTF-USDT",
        "type": "message",
        "subject": "trade.l3match",
        "data": {
            "makerOrderId": "673c5fc057d33600073c2d6d",
            "price": "0.13292",
            "sequence": "5495980178814977",
            "side": "buy",
            "size": "30.1",
            "symbol": "BTF-USDT",
            "takerOrderId": "673c61a0355a3600073805c4",
            "time": "1732010400031000000",
            "tradeId": "5495980178814977",
            "type": "match",
            "time_if_data": "10:00:00.133",
            "time_at_process": "10:00:00.132"
        },
        "timebefore_pong": "10:00:00.133"
    },
    {
        "makerOrderId": "673c5fc057d33600073c2d6d",
        "price": "0.13292",
        "sequence": "5495980178814977",
        "side": "buy",
        "size": "30.1",
        "symbol": "BTF-USDT",
        "takerOrderId": "673c61a0355a3600073805c4",
        "time": "1732010400031000000",
        "tradeId": "5495980178814977",
        "type": "match",
        "time_if_data": "10:00:00.133",
        "time_at_process": "10:00:00.132"
    },
    {
        "topic": "/market/match:BTF-USDT",
        "type": "message",
        "subject": "trade.l3match",
        "data": {
            "makerOrderId": "673c5fc057d33600073c2d6d",
            "price": "0.13292",
            "sequence": "5495980188383233",
            "side": "buy",
            "size": "14.4",
            "symbol": "BTF-USDT",
            "takerOrderId": "673c61a0858fce0007aef76f",
            "time": "1732010400055000000",
            "tradeId": "5495980188383233",
            "type": "match",
            "time_if_data": "10:00:00.137",
            "time_at_process": "10:00:00.136"
        },
        "timebefore_pong": "10:00:00.137"
    },
    {
        "makerOrderId": "673c5fc057d33600073c2d6d",
        "price": "0.13292",
        "sequence": "5495980188383233",
        "side": "buy",
        "size": "14.4",
        "symbol": "BTF-USDT",
        "takerOrderId": "673c61a0858fce0007aef76f",
        "time": "1732010400055000000",
        "tradeId": "5495980188383233",
        "type": "match",
        "time_if_data": "10:00:00.137",
        "time_at_process": "10:00:00.136"
    },
    {
        "topic": "/market/match:BTF-USDT",
        "type": "message",
        "subject": "trade.l3match",
        "data": {
            "makerOrderId": "673c5fc057d33600073c2d6d",
            "price": "0.13292",
            "sequence": "5495980191266817",
            "side": "buy",
            "size": "3326.6",
            "symbol": "BTF-USDT",
            "takerOrderId": "673c61a0d181be00073b1be1",
            "time": "1732010400062000000",
            "tradeId": "5495980191266817",
            "type": "match",
            "time_if_data": "10:00:00.137",
            "time_at_process": "10:00:00.137"
        },
        "timebefore_pong": "10:00:00.137"
    },
    {
        "makerOrderId": "673c5fc057d33600073c2d6d",
        "price": "0.13292",
        "sequence": "5495980191266817",
        "side": "buy",
        "size": "3326.6",
        "symbol": "BTF-USDT",
        "takerOrderId": "673c61a0d181be00073b1be1",
        "time": "1732010400062000000",
        "tradeId": "5495980191266817",
        "type": "match",
        "time_if_data": "10:00:00.137",
        "time_at_process": "10:00:00.137"
    },
    {
        "topic": "/market/match:BTF-USDT",
        "type": "message",
        "subject": "trade.l3match",
        "data": {
            "makerOrderId": "673c5fc057d33600073c2d6d",
            "price": "0.13292",
            "sequence": "5495980191397889",
            "side": "buy",
            "size": "3326.6",
            "symbol": "BTF-USDT",
            "takerOrderId": "673c61a0d181be00073b1bdf",
            "time": "1732010400062000000",
            "tradeId": "5495980191397889",
            "type": "match",
            "time_if_data": "10:00:00.138",
            "time_at_process": "10:00:00.137"
        },
        "timebefore_pong": "10:00:00.138"
    },
    {
        "makerOrderId": "673c5fc057d33600073c2d6d",
        "price": "0.13292",
        "sequence": "5495980191397889",
        "side": "buy",
        "size": "3326.6",
        "symbol": "BTF-USDT",
        "takerOrderId": "673c61a0d181be00073b1bdf",
        "time": "1732010400062000000",
        "tradeId": "5495980191397889",
        "type": "match",
        "time_if_data": "10:00:00.138",
        "time_at_process": "10:00:00.137"
    },
    {
        "topic": "/market/match:BTF-USDT",
        "type": "message",
        "subject": "trade.l3match",
        "data": {
            "makerOrderId": "673c5fc057d33600073c2d6d",
            "price": "0.13292",
            "sequence": "5495980191528961",
            "side": "buy",
            "size": "3326.6",
            "symbol": "BTF-USDT",
            "takerOrderId": "673c61a0d181be00073b1be0",
            "time": "1732010400062000000",
            "tradeId": "5495980191528961",
            "type": "match",
            "time_if_data": "10:00:00.138",
            "time_at_process": "10:00:00.138"
        },
        "timebefore_pong": "10:00:00.138"
    },
    {
        "makerOrderId": "673c5fc057d33600073c2d6d",
        "price": "0.13292",
        "sequence": "5495980191528961",
        "side": "buy",
        "size": "3326.6",
        "symbol": "BTF-USDT",
        "takerOrderId": "673c61a0d181be00073b1be0",
        "time": "1732010400062000000",
        "tradeId": "5495980191528961",
        "type": "match",
        "time_if_data": "10:00:00.138",
        "time_at_process": "10:00:00.138"
    },
    {
        "topic": "/market/match:BTF-USDT",
        "type": "message",
        "subject": "trade.l3match",
        "data": {
            "makerOrderId": "673c5fc057d33600073c2d6d",
            "price": "0.13292",
            "sequence": "5495980191660033",
            "side": "buy",
            "size": "975.7",
            "symbol": "BTF-USDT",
            "takerOrderId": "673c61a0d181be00073b1be2",
            "time": "1732010400062000000",
            "tradeId": "5495980191660033",
            "type": "match",
            "time_if_data": "10:00:00.139",
            "time_at_process": "10:00:00.138"
        },
        "timebefore_pong": "10:00:00.139"
    },
    {
        "makerOrderId": "673c5fc057d33600073c2d6d",
        "price": "0.13292",
        "sequence": "5495980191660033",
        "side": "buy",
        "size": "975.7",
        "symbol": "BTF-USDT",
        "takerOrderId": "673c61a0d181be00073b1be2",
        "time": "1732010400062000000",
        "tradeId": "5495980191660033",
        "type": "match",
        "time_if_data": "10:00:00.139",
        "time_at_process": "10:00:00.138"
    },
    {
        "topic": "/market/match:BTF-USDT",
        "type": "message",
        "subject": "trade.l3match",
        "data": {
            "makerOrderId": "673c5fc098326e000760dbdc",
            "price": "0.13769",
            "sequence": "5495980191660036",
            "side": "buy",
            "size": "2350.9",
            "symbol": "BTF-USDT",
            "takerOrderId": "673c61a0d181be00073b1be2",
            "time": "1732010400062000000",
            "tradeId": "5495980191660036",
            "type": "match",
            "time_if_data": "10:00:00.139",
            "time_at_process": "10:00:00.139"
        },
        "timebefore_pong": "10:00:00.139"
    },
    {
        "makerOrderId": "673c5fc098326e000760dbdc",
        "price": "0.13769",
        "sequence": "5495980191660036",
        "side": "buy",
        "size": "2350.9",
        "symbol": "BTF-USDT",
        "takerOrderId": "673c61a0d181be00073b1be2",
        "time": "1732010400062000000",
        "tradeId": "5495980191660036",
        "type": "match",
        "time_if_data": "10:00:00.139",
        "time_at_process": "10:00:00.139"
    },
    {
        "topic": "/market/match:BTF-USDT",
        "type": "message",
        "subject": "trade.l3match",
        "data": {
            "makerOrderId": "673c5fc098326e000760dbdc",
            "price": "0.13769",
            "sequence": "5495980257982465",
            "side": "buy",
            "size": "1450",
            "symbol": "BTF-USDT",
            "takerOrderId": "673c61a057d336000744bb12",
            "time": "1732010400169000000",
            "tradeId": "5495980257982465",
            "type": "match",
            "time_if_data": "10:00:00.212",
            "time_at_process": "10:00:00.139"
        },
        "timebefore_pong": "10:00:00.212"
    },
    {
        "makerOrderId": "673c5fc098326e000760dbdc",
        "price": "0.13769",
        "sequence": "5495980257982465",
        "side": "buy",
        "size": "1450",
        "symbol": "BTF-USDT",
        "takerOrderId": "673c61a057d336000744bb12",
        "time": "1732010400169000000",
        "tradeId": "5495980257982465",
        "type": "match",
        "time_if_data": "10:00:00.212",
        "time_at_process": "10:00:00.139"
    },
    {
        "topic": "/market/match:BTF-USDT",
        "type": "message",
        "subject": "trade.l3match",
        "data": {
            "makerOrderId": "673c5fc098326e000760dbdc",
            "price": "0.13769",
            "sequence": "5495980269516801",
            "side": "buy",
            "size": "200",
            "symbol": "BTF-USDT",
            "takerOrderId": "673c61a01d476000074052e6",
            "time": "1732010400184000000",
            "tradeId": "5495980269516801",
            "type": "match",
            "time_if_data": "10:00:00.237",
            "time_at_process": "10:00:00.212"
        },
        "timebefore_pong": "10:00:00.237"
    },
    {
        "makerOrderId": "673c5fc098326e000760dbdc",
        "price": "0.13769",
        "sequence": "5495980269516801",
        "side": "buy",
        "size": "200",
        "symbol": "BTF-USDT",
        "takerOrderId": "673c61a01d476000074052e6",
        "time": "1732010400184000000",
        "tradeId": "5495980269516801",
        "type": "match",
        "time_if_data": "10:00:00.237",
        "time_at_process": "10:00:00.212"
    },
    {
        "topic": "/market/match:BTF-USDT",
        "type": "message",
        "subject": "trade.l3match",
        "data": {
            "makerOrderId": "673c5fc098326e000760dbdc",
            "price": "0.13769",
            "sequence": "5495980281575425",
            "side": "buy",
            "size": "13.6",
            "symbol": "BTF-USDT",
            "takerOrderId": "673c61a0ab0f0a0007656d5b",
            "time": "1732010400205000000",
            "tradeId": "5495980281575425",
            "type": "match",
            "time_if_data": "10:00:00.253",
            "time_at_process": "10:00:00.237"
        },
        "timebefore_pong": "10:00:00.253"
    },
    {
        "makerOrderId": "673c5fc098326e000760dbdc",
        "price": "0.13769",
        "sequence": "5495980281575425",
        "side": "buy",
        "size": "13.6",
        "symbol": "BTF-USDT",
        "takerOrderId": "673c61a0ab0f0a0007656d5b",
        "time": "1732010400205000000",
        "tradeId": "5495980281575425",
        "type": "match",
        "time_if_data": "10:00:00.253",
        "time_at_process": "10:00:00.237"
    },
    {
        "topic": "/market/match:BTF-USDT",
        "type": "message",
        "subject": "trade.l3match",
        "data": {
            "makerOrderId": "673c5fc098326e000760dbdc",
            "price": "0.13769",
            "sequence": "5495980309886977",
            "side": "buy",
            "size": "320",
            "symbol": "BTF-USDT",
            "takerOrderId": "673c61a008e10c0007fdccbd",
            "time": "1732010400261000000",
            "tradeId": "5495980309886977",
            "type": "match",
            "time_if_data": "10:00:00.301",
            "time_at_process": "10:00:00.253"
        },
        "timebefore_pong": "10:00:00.300"
    },
    {
        "makerOrderId": "673c5fc098326e000760dbdc",
        "price": "0.13769",
        "sequence": "5495980309886977",
        "side": "buy",
        "size": "320",
        "symbol": "BTF-USDT",
        "takerOrderId": "673c61a008e10c0007fdccbd",
        "time": "1732010400261000000",
        "tradeId": "5495980309886977",
        "type": "match",
        "time_if_data": "10:00:00.301",
        "time_at_process": "10:00:00.253"
    },
    {
        "topic": "/market/match:BTF-USDT",
        "type": "message",
        "subject": "trade.l3match",
        "data": {
            "makerOrderId": "673c5fc098326e000760dbdc",
            "price": "0.13769",
            "sequence": "5495980311721985",
            "side": "buy",
            "size": "23.2",
            "symbol": "BTF-USDT",
            "takerOrderId": "673c61a02ab01000077df7e0",
            "time": "1732010400266000000",
            "tradeId": "5495980311721985",
            "type": "match",
            "time_if_data": "10:00:00.306",
            "time_at_process": "10:00:00.301"
        },
        "timebefore_pong": "10:00:00.306"
    },
    {
        "makerOrderId": "673c5fc098326e000760dbdc",
        "price": "0.13769",
        "sequence": "5495980311721985",
        "side": "buy",
        "size": "23.2",
        "symbol": "BTF-USDT",
        "takerOrderId": "673c61a02ab01000077df7e0",
        "time": "1732010400266000000",
        "tradeId": "5495980311721985",
        "type": "match",
        "time_if_data": "10:00:00.306",
        "time_at_process": "10:00:00.301"
    },
    {
        "topic": "/market/match:BTF-USDT",
        "type": "message",
        "subject": "trade.l3match",
        "data": {
            "makerOrderId": "673c5fc098326e000760dbdc",
            "price": "0.13769",
            "sequence": "5495980315392001",
            "side": "buy",
            "size": "68",
            "symbol": "BTF-USDT",
            "takerOrderId": "673c61a01d47600007405326",
            "time": "1732010400273000000",
            "tradeId": "5495980315392001",
            "type": "match",
            "time_if_data": "10:00:00.313",
            "time_at_process": "10:00:00.306"
        },
        "timebefore_pong": "10:00:00.313"
    },
    {
        "makerOrderId": "673c5fc098326e000760dbdc",
        "price": "0.13769",
        "sequence": "5495980315392001",
        "side": "buy",
        "size": "68",
        "symbol": "BTF-USDT",
        "takerOrderId": "673c61a01d47600007405326",
        "time": "1732010400273000000",
        "tradeId": "5495980315392001",
        "type": "match",
        "time_if_data": "10:00:00.313",
        "time_at_process": "10:00:00.306"
    },
    {
        "topic": "/market/match:BTF-USDT",
        "type": "message",
        "subject": "trade.l3match",
        "data": {
            "makerOrderId": "673c5fc098326e000760dbdc",
            "price": "0.13769",
            "sequence": "5495980324698113",
            "side": "buy",
            "size": "28.5",
            "symbol": "BTF-USDT",
            "takerOrderId": "673c61a057d336000744be2e",
            "time": "1732010400291000000",
            "tradeId": "5495980324698113",
            "type": "match",
            "time_if_data": "10:00:00.331",
            "time_at_process": "10:00:00.313"
        },
        "timebefore_pong": "10:00:00.331"
    },
    {
        "makerOrderId": "673c5fc098326e000760dbdc",
        "price": "0.13769",
        "sequence": "5495980324698113",
        "side": "buy",
        "size": "28.5",
        "symbol": "BTF-USDT",
        "takerOrderId": "673c61a057d336000744be2e",
        "time": "1732010400291000000",
        "tradeId": "5495980324698113",
        "type": "match",
        "time_if_data": "10:00:00.331",
        "time_at_process": "10:00:00.313"
    },
    {
        "topic": "/market/match:BTF-USDT",
        "type": "message",
        "subject": "trade.l3match",
        "data": {
            "makerOrderId": "673c5fc098326e000760dbdc",
            "price": "0.13769",
            "sequence": "5495980330072065",
            "side": "buy",
            "size": "25",
            "symbol": "BTF-USDT",
            "takerOrderId": "673c61a0d181be00073b222d",
            "time": "1732010400301000000",
            "tradeId": "5495980330072065",
            "type": "match",
            "time_if_data": "10:00:00.336",
            "time_at_process": "10:00:00.331"
        },
        "timebefore_pong": "10:00:00.336"
    },
    {
        "makerOrderId": "673c5fc098326e000760dbdc",
        "price": "0.13769",
        "sequence": "5495980330072065",
        "side": "buy",
        "size": "25",
        "symbol": "BTF-USDT",
        "takerOrderId": "673c61a0d181be00073b222d",
        "time": "1732010400301000000",
        "tradeId": "5495980330072065",
        "type": "match",
        "time_if_data": "10:00:00.336",
        "time_at_process": "10:00:00.331"
    },
    {
        "topic": "/market/match:BTF-USDT",
        "type": "message",
        "subject": "trade.l3match",
        "data": {
            "makerOrderId": "673c5fc098326e000760dbdc",
            "price": "0.13769",
            "sequence": "5495980343703553",
            "side": "buy",
            "size": "22.4",
            "symbol": "BTF-USDT",
            "takerOrderId": "673c61a0adc2120007a02799",
            "time": "1732010400317000000",
            "tradeId": "5495980343703553",
            "type": "match",
            "time_if_data": "10:00:00.358",
            "time_at_process": "10:00:00.336"
        },
        "timebefore_pong": "10:00:00.358"
    },
    {
        "makerOrderId": "673c5fc098326e000760dbdc",
        "price": "0.13769",
        "sequence": "5495980343703553",
        "side": "buy",
        "size": "22.4",
        "symbol": "BTF-USDT",
        "takerOrderId": "673c61a0adc2120007a02799",
        "time": "1732010400317000000",
        "tradeId": "5495980343703553",
        "type": "match",
        "time_if_data": "10:00:00.358",
        "time_at_process": "10:00:00.336"
    },
    {
        "topic": "/market/match:BTF-USDT",
        "type": "message",
        "subject": "trade.l3match",
        "data": {
            "makerOrderId": "673c5fc098326e000760dbdc",
            "price": "0.13769",
            "sequence": "5495980362184705",
            "side": "buy",
            "size": "12.6",
            "symbol": "BTF-USDT",
            "takerOrderId": "673c61a03cda6500071f9b4f",
            "time": "1732010400342000000",
            "tradeId": "5495980362184705",
            "type": "match",
            "time_if_data": "10:00:00.376",
            "time_at_process": "10:00:00.359"
        },
        "timebefore_pong": "10:00:00.376"
    },
    {
        "makerOrderId": "673c5fc098326e000760dbdc",
        "price": "0.13769",
        "sequence": "5495980362184705",
        "side": "buy",
        "size": "12.6",
        "symbol": "BTF-USDT",
        "takerOrderId": "673c61a03cda6500071f9b4f",
        "time": "1732010400342000000",
        "tradeId": "5495980362184705",
        "type": "match",
        "time_if_data": "10:00:00.376",
        "time_at_process": "10:00:00.359"
    },
    {
        "topic": "/market/match:BTF-USDT",
        "type": "message",
        "subject": "trade.l3match",
        "data": {
            "makerOrderId": "673c5fc098326e000760dbdc",
            "price": "0.13769",
            "sequence": "5495980370180097",
            "side": "buy",
            "size": "200",
            "symbol": "BTF-USDT",
            "takerOrderId": "673c61a057d336000744bf44",
            "time": "1732010400354000000",
            "tradeId": "5495980370180097",
            "type": "match",
            "time_if_data": "10:00:00.391",
            "time_at_process": "10:00:00.376"
        },
        "timebefore_pong": "10:00:00.391"
    },
    {
        "makerOrderId": "673c5fc098326e000760dbdc",
        "price": "0.13769",
        "sequence": "5495980370180097",
        "side": "buy",
        "size": "200",
        "symbol": "BTF-USDT",
        "takerOrderId": "673c61a057d336000744bf44",
        "time": "1732010400354000000",
        "tradeId": "5495980370180097",
        "type": "match",
        "time_if_data": "10:00:00.391",
        "time_at_process": "10:00:00.376"
    },
    {
        "topic": "/market/match:BTF-USDT",
        "type": "message",
        "subject": "trade.l3match",
        "data": {
            "makerOrderId": "673c5fc098326e000760dbdc",
            "price": "0.13769",
            "sequence": "5495980407928833",
            "side": "buy",
            "size": "326",
            "symbol": "BTF-USDT",
            "takerOrderId": "673c61a03cda6500071f9bea",
            "time": "1732010400399000000",
            "tradeId": "5495980407928833",
            "type": "match",
            "time_if_data": "10:00:00.436",
            "time_at_process": "10:00:00.392"
        },
        "timebefore_pong": "10:00:00.436"
    },
    {
        "makerOrderId": "673c5fc098326e000760dbdc",
        "price": "0.13769",
        "sequence": "5495980407928833",
        "side": "buy",
        "size": "326",
        "symbol": "BTF-USDT",
        "takerOrderId": "673c61a03cda6500071f9bea",
        "time": "1732010400399000000",
        "tradeId": "5495980407928833",
        "type": "match",
        "time_if_data": "10:00:00.436",
        "time_at_process": "10:00:00.392"
    },
    {
        "topic": "/market/match:BTF-USDT",
        "type": "message",
        "subject": "trade.l3match",
        "data": {
            "makerOrderId": "673c5fc098326e000760dbdc",
            "price": "0.13769",
            "sequence": "5495980490373121",
            "side": "buy",
            "size": "12.6",
            "symbol": "BTF-USDT",
            "takerOrderId": "673c61a0d181be00073b2697",
            "time": "1732010400542000000",
            "tradeId": "5495980490373121",
            "type": "match",
            "time_if_data": "10:00:00.583",
            "time_at_process": "10:00:00.437"
        },
        "timebefore_pong": "10:00:00.583"
    },
    {
        "makerOrderId": "673c5fc098326e000760dbdc",
        "price": "0.13769",
        "sequence": "5495980490373121",
        "side": "buy",
        "size": "12.6",
        "symbol": "BTF-USDT",
        "takerOrderId": "673c61a0d181be00073b2697",
        "time": "1732010400542000000",
        "tradeId": "5495980490373121",
        "type": "match",
        "time_if_data": "10:00:00.583",
        "time_at_process": "10:00:00.437"
    },
    {
        "topic": "/market/match:BTF-USDT",
        "type": "message",
        "subject": "trade.l3match",
        "data": {
            "makerOrderId": "673c5fc098326e000760dbdc",
            "price": "0.13769",
            "sequence": "5495980585793537",
            "side": "buy",
            "size": "12",
            "symbol": "BTF-USDT",
            "takerOrderId": "673c61a02ab01000077e0141",
            "time": "1732010400842000000",
            "tradeId": "5495980585793537",
            "type": "match",
            "time_if_data": "10:00:00.882",
            "time_at_process": "10:00:00.584"
        },
        "timebefore_pong": "10:00:00.882"
    },
    {
        "makerOrderId": "673c5fc098326e000760dbdc",
        "price": "0.13769",
        "sequence": "5495980585793537",
        "side": "buy",
        "size": "12",
        "symbol": "BTF-USDT",
        "takerOrderId": "673c61a02ab01000077e0141",
        "time": "1732010400842000000",
        "tradeId": "5495980585793537",
        "type": "match",
        "time_if_data": "10:00:00.882",
        "time_at_process": "10:00:00.584"
    },
    {
        "topic": "/market/match:BTF-USDT",
        "type": "message",
        "subject": "trade.l3match",
        "data": {
            "makerOrderId": "673c5fc098326e000760dbdc",
            "price": "0.13769",
            "sequence": "5495980728924167",
            "side": "buy",
            "size": "36.3",
            "symbol": "BTF-USDT",
            "takerOrderId": "673c61a1355a360007381887",
            "time": "1732010401205000000",
            "tradeId": "5495980728924167",
            "type": "match",
            "time_if_data": "10:00:01.244",
            "time_at_process": "10:00:00.883"
        },
        "timebefore_pong": "10:00:01.244"
    },
    {
        "makerOrderId": "673c5fc098326e000760dbdc",
        "price": "0.13769",
        "sequence": "5495980728924167",
        "side": "buy",
        "size": "36.3",
        "symbol": "BTF-USDT",
        "takerOrderId": "673c61a1355a360007381887",
        "time": "1732010401205000000",
        "tradeId": "5495980728924167",
        "type": "match",
        "time_if_data": "10:00:01.244",
        "time_at_process": "10:00:00.883"
    },
    {
        "topic": "/market/match:BTF-USDT",
        "type": "message",
        "subject": "trade.l3match",
        "data": {
            "makerOrderId": "673c5fc098326e000760dbdc",
            "price": "0.13769",
            "sequence": "5495980777027585",
            "side": "buy",
            "size": "10.2",
            "symbol": "BTF-USDT",
            "takerOrderId": "673c61a13cda6500071fa6cf",
            "time": "1732010401316000000",
            "tradeId": "5495980777027585",
            "type": "match",
            "time_if_data": "10:00:01.374",
            "time_at_process": "10:00:01.244"
        },
        "timebefore_pong": "10:00:01.374"
    },
    {
        "makerOrderId": "673c5fc098326e000760dbdc",
        "price": "0.13769",
        "sequence": "5495980777027585",
        "side": "buy",
        "size": "10.2",
        "symbol": "BTF-USDT",
        "takerOrderId": "673c61a13cda6500071fa6cf",
        "time": "1732010401316000000",
        "tradeId": "5495980777027585",
        "type": "match",
        "time_if_data": "10:00:01.374",
        "time_at_process": "10:00:01.244"
    },
    {
        "topic": "/market/match:BTF-USDT",
        "type": "message",
        "subject": "trade.l3match",
        "data": {
            "makerOrderId": "673c5fc098326e000760dbdc",
            "price": "0.13769",
            "sequence": "5495980946372609",
            "side": "buy",
            "size": "36.3",
            "symbol": "BTF-USDT",
            "takerOrderId": "673c61a1d181be00073b3185",
            "time": "1732010401922000000",
            "tradeId": "5495980946372609",
            "type": "match",
            "time_if_data": "10:00:02.048",
            "time_at_process": "10:00:01.374"
        },
        "timebefore_pong": "10:00:02.048"
    },
    {
        "makerOrderId": "673c5fc098326e000760dbdc",
        "price": "0.13769",
        "sequence": "5495980946372609",
        "side": "buy",
        "size": "36.3",
        "symbol": "BTF-USDT",
        "takerOrderId": "673c61a1d181be00073b3185",
        "time": "1732010401922000000",
        "tradeId": "5495980946372609",
        "type": "match",
        "time_if_data": "10:00:02.048",
        "time_at_process": "10:00:01.374"
    },
    {
        "topic": "/market/match:BTF-USDT",
        "type": "message",
        "subject": "trade.l3match",
        "data": {
            "makerOrderId": "673c5fc098326e000760dbdc",
            "price": "0.13769",
            "sequence": "5495981080983553",
            "side": "buy",
            "size": "8592.4",
            "symbol": "BTF-USDT",
            "takerOrderId": "673c61a2429d8b000707528a",
            "time": "1732010402242000000",
            "tradeId": "5495981080983553",
            "type": "match",
            "time_if_data": "10:00:02.282",
            "time_at_process": "10:00:02.049"
        },
        "timebefore_pong": "10:00:02.282"
    },
    {
        "makerOrderId": "673c5fc098326e000760dbdc",
        "price": "0.13769",
        "sequence": "5495981080983553",
        "side": "buy",
        "size": "8592.4",
        "symbol": "BTF-USDT",
        "takerOrderId": "673c61a2429d8b000707528a",
        "time": "1732010402242000000",
        "tradeId": "5495981080983553",
        "type": "match",
        "time_if_data": "10:00:02.282",
        "time_at_process": "10:00:02.049"
    },
    {
        "topic": "/market/match:BTF-USDT",
        "type": "message",
        "subject": "trade.l3match",
        "data": {
            "makerOrderId": "673c5fc0d181be0007328d89",
            "price": "0.14246",
            "sequence": "5495981174437889",
            "side": "buy",
            "size": "216.5",
            "symbol": "BTF-USDT",
            "takerOrderId": "673c61a298326e00076981fe",
            "time": "1732010402531000000",
            "tradeId": "5495981174437889",
            "type": "match",
            "time_if_data": "10:00:02.569",
            "time_at_process": "10:00:02.282"
        },
        "timebefore_pong": "10:00:02.569"
    },
    {
        "makerOrderId": "673c5fc0d181be0007328d89",
        "price": "0.14246",
        "sequence": "5495981174437889",
        "side": "buy",
        "size": "216.5",
        "symbol": "BTF-USDT",
        "takerOrderId": "673c61a298326e00076981fe",
        "time": "1732010402531000000",
        "tradeId": "5495981174437889",
        "type": "match",
        "time_if_data": "10:00:02.569",
        "time_at_process": "10:00:02.282"
    },
    {
        "topic": "/market/match:BTF-USDT",
        "type": "message",
        "subject": "trade.l3match",
        "data": {
            "makerOrderId": "673c5fc0d181be0007328d89",
            "price": "0.14246",
            "sequence": "5495981265270785",
            "side": "buy",
            "size": "216.5",
            "symbol": "BTF-USDT",
            "takerOrderId": "673c61a2ae43c400075e0622",
            "time": "1732010402714000000",
            "tradeId": "5495981265270785",
            "type": "match",
            "time_if_data": "10:00:02.766",
            "time_at_process": "10:00:02.569"
        },
        "timebefore_pong": "10:00:02.765"
    },
    {
        "makerOrderId": "673c5fc0d181be0007328d89",
        "price": "0.14246",
        "sequence": "5495981265270785",
        "side": "buy",
        "size": "216.5",
        "symbol": "BTF-USDT",
        "takerOrderId": "673c61a2ae43c400075e0622",
        "time": "1732010402714000000",
        "tradeId": "5495981265270785",
        "type": "match",
        "time_if_data": "10:00:02.766",
        "time_at_process": "10:00:02.569"
    },
    {
        "topic": "/market/match:BTF-USDT",
        "type": "message",
        "subject": "trade.l3match",
        "data": {
            "makerOrderId": "673c5fc0d181be0007328d89",
            "price": "0.14246",
            "sequence": "5495981370390529",
            "side": "buy",
            "size": "16747",
            "symbol": "BTF-USDT",
            "takerOrderId": "673c61a3355a360007382324",
            "time": "1732010403026000000",
            "tradeId": "5495981370390529",
            "type": "match",
            "time_if_data": "10:00:03.065",
            "time_at_process": "10:00:02.768"
        },
        "timebefore_pong": "10:00:03.065"
    },
    {
        "makerOrderId": "673c5fc0d181be0007328d89",
        "price": "0.14246",
        "sequence": "5495981370390529",
        "side": "buy",
        "size": "16747",
        "symbol": "BTF-USDT",
        "takerOrderId": "673c61a3355a360007382324",
        "time": "1732010403026000000",
        "tradeId": "5495981370390529",
        "type": "match",
        "time_if_data": "10:00:03.065",
        "time_at_process": "10:00:02.768"
    },
    {
        "topic": "/market/match:BTF-USDT",
        "type": "message",
        "subject": "trade.l3match",
        "data": {
            "makerOrderId": "673c5fc0ab0f0a00075cdf12",
            "price": "0.14723",
            "sequence": "5495981370390532",
            "side": "buy",
            "size": "9963.5",
            "symbol": "BTF-USDT",
            "takerOrderId": "673c61a3355a360007382324",
            "time": "1732010403026000000",
            "tradeId": "5495981370390532",
            "type": "match",
            "time_if_data": "10:00:03.065",
            "time_at_process": "10:00:03.065"
        },
        "timebefore_pong": "10:00:03.065"
    },
    {
        "makerOrderId": "673c5fc0ab0f0a00075cdf12",
        "price": "0.14723",
        "sequence": "5495981370390532",
        "side": "buy",
        "size": "9963.5",
        "symbol": "BTF-USDT",
        "takerOrderId": "673c61a3355a360007382324",
        "time": "1732010403026000000",
        "tradeId": "5495981370390532",
        "type": "match",
        "time_if_data": "10:00:03.065",
        "time_at_process": "10:00:03.065"
    },
    {
        "topic": "/market/match:BTF-USDT",
        "type": "message",
        "subject": "trade.l3match",
        "data": {
            "makerOrderId": "673c5fc0ab0f0a00075cdf12",
            "price": "0.14723",
            "sequence": "5495981455980545",
            "side": "buy",
            "size": "218.4",
            "symbol": "BTF-USDT",
            "takerOrderId": "673c61a32ab01000077e1123",
            "time": "1732010403181000000",
            "tradeId": "5495981455980545",
            "type": "match",
            "time_if_data": "10:00:03.218",
            "time_at_process": "10:00:03.065"
        },
        "timebefore_pong": "10:00:03.218"
    },
    {
        "makerOrderId": "673c5fc0ab0f0a00075cdf12",
        "price": "0.14723",
        "sequence": "5495981455980545",
        "side": "buy",
        "size": "218.4",
        "symbol": "BTF-USDT",
        "takerOrderId": "673c61a32ab01000077e1123",
        "time": "1732010403181000000",
        "tradeId": "5495981455980545",
        "type": "match",
        "time_if_data": "10:00:03.218",
        "time_at_process": "10:00:03.065"
    },
    {
        "topic": "/market/match:BTF-USDT",
        "type": "message",
        "subject": "trade.l3match",
        "data": {
            "makerOrderId": "673c61a357d336000744d686",
            "price": "0.14713",
            "sequence": "5495981608155137",
            "side": "buy",
            "size": "609.7",
            "symbol": "BTF-USDT",
            "takerOrderId": "673c61a3ae43c400075e0bef",
            "time": "1732010403497000000",
            "tradeId": "5495981608155137",
            "type": "match",
            "time_if_data": "10:00:03.538",
            "time_at_process": "10:00:03.219"
        },
        "timebefore_pong": "10:00:03.538"
    },
    {
        "makerOrderId": "673c61a357d336000744d686",
        "price": "0.14713",
        "sequence": "5495981608155137",
        "side": "buy",
        "size": "609.7",
        "symbol": "BTF-USDT",
        "takerOrderId": "673c61a3ae43c400075e0bef",
        "time": "1732010403497000000",
        "tradeId": "5495981608155137",
        "type": "match",
        "time_if_data": "10:00:03.538",
        "time_at_process": "10:00:03.219"
    },
    {
        "topic": "/market/match:BTF-USDT",
        "type": "message",
        "subject": "trade.l3match",
        "data": {
            "makerOrderId": "673c61a357d336000744d686",
            "price": "0.14713",
            "sequence": "5495981645510657",
            "side": "buy",
            "size": "333.3",
            "symbol": "BTF-USDT",
            "takerOrderId": "673c61a3cf1a8700079037f8",
            "time": "1732010403600000000",
            "tradeId": "5495981645510657",
            "type": "match",
            "time_if_data": "10:00:03.640",
            "time_at_process": "10:00:03.538"
        },
        "timebefore_pong": "10:00:03.640"
    },
    {
        "makerOrderId": "673c61a357d336000744d686",
        "price": "0.14713",
        "sequence": "5495981645510657",
        "side": "buy",
        "size": "333.3",
        "symbol": "BTF-USDT",
        "takerOrderId": "673c61a3cf1a8700079037f8",
        "time": "1732010403600000000",
        "tradeId": "5495981645510657",
        "type": "match",
        "time_if_data": "10:00:03.640",
        "time_at_process": "10:00:03.538"
    },
    {
        "topic": "/market/match:BTF-USDT",
        "type": "message",
        "subject": "trade.l3match",
        "data": {
            "makerOrderId": "673c61a357d336000744d686",
            "price": "0.14713",
            "sequence": "5495981671200769",
            "side": "buy",
            "size": "615.7",
            "symbol": "BTF-USDT",
            "takerOrderId": "673c61a3cf1a8700079038a3",
            "time": "1732010403691000000",
            "tradeId": "5495981671200769",
            "type": "match",
            "time_if_data": "10:00:03.729",
            "time_at_process": "10:00:03.640"
        },
        "timebefore_pong": "10:00:03.729"
    },
    {
        "makerOrderId": "673c61a357d336000744d686",
        "price": "0.14713",
        "sequence": "5495981671200769",
        "side": "buy",
        "size": "615.7",
        "symbol": "BTF-USDT",
        "takerOrderId": "673c61a3cf1a8700079038a3",
        "time": "1732010403691000000",
        "tradeId": "5495981671200769",
        "type": "match",
        "time_if_data": "10:00:03.729",
        "time_at_process": "10:00:03.640"
    },
    {
        "topic": "/market/match:BTF-USDT",
        "type": "message",
        "subject": "trade.l3match",
        "data": {
            "makerOrderId": "673c61a357d336000744d686",
            "price": "0.14713",
            "sequence": "5495981689550849",
            "side": "buy",
            "size": "336.9",
            "symbol": "BTF-USDT",
            "takerOrderId": "673c61a308e10c0007fdea99",
            "time": "1732010403761000000",
            "tradeId": "5495981689550849",
            "type": "match",
            "time_if_data": "10:00:03.802",
            "time_at_process": "10:00:03.729"
        },
        "timebefore_pong": "10:00:03.802"
    },
    {
        "makerOrderId": "673c61a357d336000744d686",
        "price": "0.14713",
        "sequence": "5495981689550849",
        "side": "buy",
        "size": "336.9",
        "symbol": "BTF-USDT",
        "takerOrderId": "673c61a308e10c0007fdea99",
        "time": "1732010403761000000",
        "tradeId": "5495981689550849",
        "type": "match",
        "time_if_data": "10:00:03.802",
        "time_at_process": "10:00:03.729"
    },
    {
        "topic": "/market/match:BTF-USDT",
        "type": "message",
        "subject": "trade.l3match",
        "data": {
            "makerOrderId": "673c61a357d336000744d686",
            "price": "0.14713",
            "sequence": "5495981706065921",
            "side": "buy",
            "size": "628.1",
            "symbol": "BTF-USDT",
            "takerOrderId": "673c61a3858fce0007af1b1f",
            "time": "1732010403829000000",
            "tradeId": "5495981706065921",
            "type": "match",
            "time_if_data": "10:00:03.869",
            "time_at_process": "10:00:03.802"
        },
        "timebefore_pong": "10:00:03.869"
    },
    {
        "makerOrderId": "673c61a357d336000744d686",
        "price": "0.14713",
        "sequence": "5495981706065921",
        "side": "buy",
        "size": "628.1",
        "symbol": "BTF-USDT",
        "takerOrderId": "673c61a3858fce0007af1b1f",
        "time": "1732010403829000000",
        "tradeId": "5495981706065921",
        "type": "match",
        "time_if_data": "10:00:03.869",
        "time_at_process": "10:00:03.802"
    },
    {
        "topic": "/market/match:BTF-USDT",
        "type": "message",
        "subject": "trade.l3match",
        "data": {
            "makerOrderId": "673c61a357d336000744d686",
            "price": "0.14713",
            "sequence": "5495981757839361",
            "side": "buy",
            "size": "641",
            "symbol": "BTF-USDT",
            "takerOrderId": "673c61a3ab0f0a0007658d18",
            "time": "1732010403957000000",
            "tradeId": "5495981757839361",
            "type": "match",
            "time_if_data": "10:00:03.996",
            "time_at_process": "10:00:03.869"
        },
        "timebefore_pong": "10:00:03.996"
    },
    {
        "makerOrderId": "673c61a357d336000744d686",
        "price": "0.14713",
        "sequence": "5495981757839361",
        "side": "buy",
        "size": "641",
        "symbol": "BTF-USDT",
        "takerOrderId": "673c61a3ab0f0a0007658d18",
        "time": "1732010403957000000",
        "tradeId": "5495981757839361",
        "type": "match",
        "time_if_data": "10:00:03.996",
        "time_at_process": "10:00:03.869"
    },
    {
        "topic": "/market/match:BTF-USDT",
        "type": "message",
        "subject": "trade.l3match",
        "data": {
            "makerOrderId": "673c61a357d336000744d686",
            "price": "0.14713",
            "sequence": "5495981759019009",
            "side": "buy",
            "size": "336.9",
            "symbol": "BTF-USDT",
            "takerOrderId": "673c61a398326e0007698c75",
            "time": "1732010403965000000",
            "tradeId": "5495981759019009",
            "type": "match",
            "time_if_data": "10:00:04.008",
            "time_at_process": "10:00:04.006"
        },
        "timebefore_pong": "10:00:04.007"
    },
    {
        "makerOrderId": "673c61a357d336000744d686",
        "price": "0.14713",
        "sequence": "5495981759019009",
        "side": "buy",
        "size": "336.9",
        "symbol": "BTF-USDT",
        "takerOrderId": "673c61a398326e0007698c75",
        "time": "1732010403965000000",
        "tradeId": "5495981759019009",
        "type": "match",
        "time_if_data": "10:00:04.008",
        "time_at_process": "10:00:04.006"
    },
    {
        "topic": "/market/match:BTF-USDT",
        "type": "message",
        "subject": "trade.l3match",
        "data": {
            "makerOrderId": "673c61a357d336000744d686",
            "price": "0.14713",
            "sequence": "5495981816952833",
            "side": "buy",
            "size": "1328",
            "symbol": "BTF-USDT",
            "takerOrderId": "673c61a4c95c310007d37edc",
            "time": "1732010404162000000",
            "tradeId": "5495981816952833",
            "type": "match",
            "time_if_data": "10:00:04.203",
            "time_at_process": "10:00:04.012"
        },
        "timebefore_pong": "10:00:04.203"
    },
    {
        "makerOrderId": "673c61a357d336000744d686",
        "price": "0.14713",
        "sequence": "5495981816952833",
        "side": "buy",
        "size": "1328",
        "symbol": "BTF-USDT",
        "takerOrderId": "673c61a4c95c310007d37edc",
        "time": "1732010404162000000",
        "tradeId": "5495981816952833",
        "type": "match",
        "time_if_data": "10:00:04.203",
        "time_at_process": "10:00:04.012"
    },
    {
        "topic": "/market/match:BTF-USDT",
        "type": "message",
        "subject": "trade.l3match",
        "data": {
            "makerOrderId": "673c61a357d336000744d686",
            "price": "0.14713",
            "sequence": "5495981819705345",
            "side": "buy",
            "size": "644.3",
            "symbol": "BTF-USDT",
            "takerOrderId": "673c61a4429d8b0007075fa7",
            "time": "1732010404166000000",
            "tradeId": "5495981819705345",
            "type": "match",
            "time_if_data": "10:00:04.203",
            "time_at_process": "10:00:04.203"
        },
        "timebefore_pong": "10:00:04.203"
    },
    {
        "makerOrderId": "673c61a357d336000744d686",
        "price": "0.14713",
        "sequence": "5495981819705345",
        "side": "buy",
        "size": "644.3",
        "symbol": "BTF-USDT",
        "takerOrderId": "673c61a4429d8b0007075fa7",
        "time": "1732010404166000000",
        "tradeId": "5495981819705345",
        "type": "match",
        "time_if_data": "10:00:04.203",
        "time_at_process": "10:00:04.203"
    },
    {
        "topic": "/market/match:BTF-USDT",
        "type": "message",
        "subject": "trade.l3match",
        "data": {
            "makerOrderId": "673c61a357d336000744d686",
            "price": "0.14713",
            "sequence": "5495981821933569",
            "side": "buy",
            "size": "671.8",
            "symbol": "BTF-USDT",
            "takerOrderId": "673c61a48aa536000776a705",
            "time": "1732010404174000000",
            "tradeId": "5495981821933569",
            "type": "match",
            "time_if_data": "10:00:04.213",
            "time_at_process": "10:00:04.204"
        },
        "timebefore_pong": "10:00:04.213"
    },
    {
        "makerOrderId": "673c61a357d336000744d686",
        "price": "0.14713",
        "sequence": "5495981821933569",
        "side": "buy",
        "size": "671.8",
        "symbol": "BTF-USDT",
        "takerOrderId": "673c61a48aa536000776a705",
        "time": "1732010404174000000",
        "tradeId": "5495981821933569",
        "type": "match",
        "time_if_data": "10:00:04.213",
        "time_at_process": "10:00:04.204"
    },
    {
        "topic": "/market/match:BTF-USDT",
        "type": "message",
        "subject": "trade.l3match",
        "data": {
            "makerOrderId": "673c61a357d336000744d686",
            "price": "0.14713",
            "sequence": "5495981843560449",
            "side": "buy",
            "size": "641",
            "symbol": "BTF-USDT",
            "takerOrderId": "673c61a4858fce0007af1d2f",
            "time": "1732010404236000000",
            "tradeId": "5495981843560449",
            "type": "match",
            "time_if_data": "10:00:04.274",
            "time_at_process": "10:00:04.213"
        },
        "timebefore_pong": "10:00:04.274"
    },
    {
        "makerOrderId": "673c61a357d336000744d686",
        "price": "0.14713",
        "sequence": "5495981843560449",
        "side": "buy",
        "size": "641",
        "symbol": "BTF-USDT",
        "takerOrderId": "673c61a4858fce0007af1d2f",
        "time": "1732010404236000000",
        "tradeId": "5495981843560449",
        "type": "match",
        "time_if_data": "10:00:04.274",
        "time_at_process": "10:00:04.213"
    },
    {
        "topic": "/market/match:BTF-USDT",
        "type": "message",
        "subject": "trade.l3match",
        "data": {
            "makerOrderId": "673c61a357d336000744d686",
            "price": "0.14713",
            "sequence": "5495981868070913",
            "side": "buy",
            "size": "1336",
            "symbol": "BTF-USDT",
            "takerOrderId": "673c61a4858fce0007af1dbe",
            "time": "1732010404297000000",
            "tradeId": "5495981868070913",
            "type": "match",
            "time_if_data": "10:00:04.335",
            "time_at_process": "10:00:04.275"
        },
        "timebefore_pong": "10:00:04.335"
    },
    {
        "makerOrderId": "673c61a357d336000744d686",
        "price": "0.14713",
        "sequence": "5495981868070913",
        "side": "buy",
        "size": "1336",
        "symbol": "BTF-USDT",
        "takerOrderId": "673c61a4858fce0007af1dbe",
        "time": "1732010404297000000",
        "tradeId": "5495981868070913",
        "type": "match",
        "time_if_data": "10:00:04.335",
        "time_at_process": "10:00:04.275"
    },
    {
        "topic": "/market/match:BTF-USDT",
        "type": "message",
        "subject": "trade.l3match",
        "data": {
            "makerOrderId": "673c61a357d336000744d686",
            "price": "0.14713",
            "sequence": "5495981894678529",
            "side": "buy",
            "size": "654.4",
            "symbol": "BTF-USDT",
            "takerOrderId": "673c61a4392ff7000787bea0",
            "time": "1732010404380000000",
            "tradeId": "5495981894678529",
            "type": "match",
            "time_if_data": "10:00:04.424",
            "time_at_process": "10:00:04.335"
        },
        "timebefore_pong": "10:00:04.423"
    },
    {
        "makerOrderId": "673c61a357d336000744d686",
        "price": "0.14713",
        "sequence": "5495981894678529",
        "side": "buy",
        "size": "654.4",
        "symbol": "BTF-USDT",
        "takerOrderId": "673c61a4392ff7000787bea0",
        "time": "1732010404380000000",
        "tradeId": "5495981894678529",
        "type": "match",
        "time_if_data": "10:00:04.424",
        "time_at_process": "10:00:04.335"
    },
    {
        "topic": "/market/match:BTF-USDT",
        "type": "message",
        "subject": "trade.l3match",
        "data": {
            "makerOrderId": "673c61a357d336000744d686",
            "price": "0.14713",
            "sequence": "5495981925611521",
            "side": "buy",
            "size": "1968.5",
            "symbol": "BTF-USDT",
            "takerOrderId": "673c61a457d336000744dfe5",
            "time": "1732010404468000000",
            "tradeId": "5495981925611521",
            "type": "match",
            "time_if_data": "10:00:04.508",
            "time_at_process": "10:00:04.425"
        },
        "timebefore_pong": "10:00:04.508"
    },
    {
        "makerOrderId": "673c61a357d336000744d686",
        "price": "0.14713",
        "sequence": "5495981925611521",
        "side": "buy",
        "size": "1968.5",
        "symbol": "BTF-USDT",
        "takerOrderId": "673c61a457d336000744dfe5",
        "time": "1732010404468000000",
        "tradeId": "5495981925611521",
        "type": "match",
        "time_if_data": "10:00:04.508",
        "time_at_process": "10:00:04.425"
    },
    {
        "topic": "/market/match:BTF-USDT",
        "type": "message",
        "subject": "trade.l3match",
        "data": {
            "makerOrderId": "673c61a357d336000744d686",
            "price": "0.14713",
            "sequence": "5495981947238401",
            "side": "buy",
            "size": "654.4",
            "symbol": "BTF-USDT",
            "takerOrderId": "673c61a498326e0007698fa8",
            "time": "1732010404524000000",
            "tradeId": "5495981947238401",
            "type": "match",
            "time_if_data": "10:00:04.564",
            "time_at_process": "10:00:04.508"
        },
        "timebefore_pong": "10:00:04.564"
    },
    {
        "makerOrderId": "673c61a357d336000744d686",
        "price": "0.14713",
        "sequence": "5495981947238401",
        "side": "buy",
        "size": "654.4",
        "symbol": "BTF-USDT",
        "takerOrderId": "673c61a498326e0007698fa8",
        "time": "1732010404524000000",
        "tradeId": "5495981947238401",
        "type": "match",
        "time_if_data": "10:00:04.564",
        "time_at_process": "10:00:04.508"
    },
    {
        "topic": "/market/match:BTF-USDT",
        "type": "message",
        "subject": "trade.l3match",
        "data": {
            "makerOrderId": "673c61a357d336000744d686",
            "price": "0.14713",
            "sequence": "5495981962573825",
            "side": "buy",
            "size": "1336",
            "symbol": "BTF-USDT",
            "takerOrderId": "673c61a4429d8b0007076261",
            "time": "1732010404590000000",
            "tradeId": "5495981962573825",
            "type": "match",
            "time_if_data": "10:00:04.626",
            "time_at_process": "10:00:04.564"
        },
        "timebefore_pong": "10:00:04.626"
    },
    {
        "makerOrderId": "673c61a357d336000744d686",
        "price": "0.14713",
        "sequence": "5495981962573825",
        "side": "buy",
        "size": "1336",
        "symbol": "BTF-USDT",
        "takerOrderId": "673c61a4429d8b0007076261",
        "time": "1732010404590000000",
        "tradeId": "5495981962573825",
        "type": "match",
        "time_if_data": "10:00:04.626",
        "time_at_process": "10:00:04.564"
    },
    {
        "topic": "/market/match:BTF-USDT",
        "type": "message",
        "subject": "trade.l3match",
        "data": {
            "makerOrderId": "673c61a357d336000744d686",
            "price": "0.14713",
            "sequence": "5495981991671809",
            "side": "buy",
            "size": "570.4",
            "symbol": "BTF-USDT",
            "takerOrderId": "673c61a4392ff7000787c03f",
            "time": "1732010404672000000",
            "tradeId": "5495981991671809",
            "type": "match",
            "time_if_data": "10:00:04.708",
            "time_at_process": "10:00:04.626"
        },
        "timebefore_pong": "10:00:04.707"
    },
    {
        "makerOrderId": "673c61a357d336000744d686",
        "price": "0.14713",
        "sequence": "5495981991671809",
        "side": "buy",
        "size": "570.4",
        "symbol": "BTF-USDT",
        "takerOrderId": "673c61a4392ff7000787c03f",
        "time": "1732010404672000000",
        "tradeId": "5495981991671809",
        "type": "match",
        "time_if_data": "10:00:04.708",
        "time_at_process": "10:00:04.626"
    },
    {
        "topic": "/market/match:BTF-USDT",
        "type": "message",
        "subject": "trade.l3match",
        "data": {
            "makerOrderId": "673c5fc0ab0f0a00075cdf12",
            "price": "0.14723",
            "sequence": "5495981991671812",
            "side": "buy",
            "size": "84",
            "symbol": "BTF-USDT",
            "takerOrderId": "673c61a4392ff7000787c03f",
            "time": "1732010404672000000",
            "tradeId": "5495981991671812",
            "type": "match",
            "time_if_data": "10:00:04.710",
            "time_at_process": "10:00:04.708"
        },
        "timebefore_pong": "10:00:04.710"
    },
    {
        "makerOrderId": "673c5fc0ab0f0a00075cdf12",
        "price": "0.14723",
        "sequence": "5495981991671812",
        "side": "buy",
        "size": "84",
        "symbol": "BTF-USDT",
        "takerOrderId": "673c61a4392ff7000787c03f",
        "time": "1732010404672000000",
        "tradeId": "5495981991671812",
        "type": "match",
        "time_if_data": "10:00:04.710",
        "time_at_process": "10:00:04.708"
    },
    {
        "topic": "/market/match:BTF-USDT",
        "type": "message",
        "subject": "trade.l3match",
        "data": {
            "makerOrderId": "673c5fc0ab0f0a00075cdf12",
            "price": "0.14723",
            "sequence": "5495982012643329",
            "side": "buy",
            "size": "1333.3",
            "symbol": "BTF-USDT",
            "takerOrderId": "673c61a4c95c310007d38262",
            "time": "1732010404742000000",
            "tradeId": "5495982012643329",
            "type": "match",
            "time_if_data": "10:00:04.778",
            "time_at_process": "10:00:04.711"
        },
        "timebefore_pong": "10:00:04.778"
    },
    {
        "makerOrderId": "673c5fc0ab0f0a00075cdf12",
        "price": "0.14723",
        "sequence": "5495982012643329",
        "side": "buy",
        "size": "1333.3",
        "symbol": "BTF-USDT",
        "takerOrderId": "673c61a4c95c310007d38262",
        "time": "1732010404742000000",
        "tradeId": "5495982012643329",
        "type": "match",
        "time_if_data": "10:00:04.778",
        "time_at_process": "10:00:04.711"
    },
    {
        "topic": "/market/match:BTF-USDT",
        "type": "message",
        "subject": "trade.l3match",
        "data": {
            "makerOrderId": "673c5fc0ab0f0a00075cdf12",
            "price": "0.14723",
            "sequence": "5495982031910913",
            "side": "buy",
            "size": "654.4",
            "symbol": "BTF-USDT",
            "takerOrderId": "673c61a4ab0f0a00076591ed",
            "time": "1732010404827000000",
            "tradeId": "5495982031910913",
            "type": "match",
            "time_if_data": "10:00:04.867",
            "time_at_process": "10:00:04.779"
        },
        "timebefore_pong": "10:00:04.867"
    },
    {
        "makerOrderId": "673c5fc0ab0f0a00075cdf12",
        "price": "0.14723",
        "sequence": "5495982031910913",
        "side": "buy",
        "size": "654.4",
        "symbol": "BTF-USDT",
        "takerOrderId": "673c61a4ab0f0a00076591ed",
        "time": "1732010404827000000",
        "tradeId": "5495982031910913",
        "type": "match",
        "time_if_data": "10:00:04.867",
        "time_at_process": "10:00:04.779"
    },
    {
        "topic": "/market/match:BTF-USDT",
        "type": "message",
        "subject": "trade.l3match",
        "data": {
            "makerOrderId": "673c5fc0ab0f0a00075cdf12",
            "price": "0.14723",
            "sequence": "5495982073067521",
            "side": "buy",
            "size": "654.4",
            "symbol": "BTF-USDT",
            "takerOrderId": "673c61a408e10c0007fdf0db",
            "time": "1732010404964000000",
            "tradeId": "5495982073067521",
            "type": "match",
            "time_if_data": "10:00:05.000",
            "time_at_process": "10:00:04.867"
        },
        "timebefore_pong": "10:00:05.000"
    },
    {
        "makerOrderId": "673c5fc0ab0f0a00075cdf12",
        "price": "0.14723",
        "sequence": "5495982073067521",
        "side": "buy",
        "size": "654.4",
        "symbol": "BTF-USDT",
        "takerOrderId": "673c61a408e10c0007fdf0db",
        "time": "1732010404964000000",
        "tradeId": "5495982073067521",
        "type": "match",
        "time_if_data": "10:00:05.000",
        "time_at_process": "10:00:04.867"
    },
    {
        "topic": "/market/match:BTF-USDT",
        "type": "message",
        "subject": "trade.l3match",
        "data": {
            "makerOrderId": "673c5fc0ab0f0a00075cdf12",
            "price": "0.14723",
            "sequence": "5495982117369857",
            "side": "buy",
            "size": "654.4",
            "symbol": "BTF-USDT",
            "takerOrderId": "673c61a5429d8b000707649c",
            "time": "1732010405073000000",
            "tradeId": "5495982117369857",
            "type": "match",
            "time_if_data": "10:00:05.114",
            "time_at_process": "10:00:05.001"
        },
        "timebefore_pong": "10:00:05.113"
    },
    {
        "makerOrderId": "673c5fc0ab0f0a00075cdf12",
        "price": "0.14723",
        "sequence": "5495982117369857",
        "side": "buy",
        "size": "654.4",
        "symbol": "BTF-USDT",
        "takerOrderId": "673c61a5429d8b000707649c",
        "time": "1732010405073000000",
        "tradeId": "5495982117369857",
        "type": "match",
        "time_if_data": "10:00:05.114",
        "time_at_process": "10:00:05.001"
    },
    {
        "topic": "/market/match:BTF-USDT",
        "type": "message",
        "subject": "trade.l3match",
        "data": {
            "makerOrderId": "673c5fc0ab0f0a00075cdf12",
            "price": "0.14723",
            "sequence": "5495982196013059",
            "side": "buy",
            "size": "67.4",
            "symbol": "BTF-USDT",
            "takerOrderId": "673c61a51d47600007407a01",
            "time": "1732010405283000000",
            "tradeId": "5495982196013059",
            "type": "match",
            "time_if_data": "10:00:05.318",
            "time_at_process": "10:00:05.122"
        },
        "timebefore_pong": "10:00:05.318"
    },
    {
        "makerOrderId": "673c5fc0ab0f0a00075cdf12",
        "price": "0.14723",
        "sequence": "5495982196013059",
        "side": "buy",
        "size": "67.4",
        "symbol": "BTF-USDT",
        "takerOrderId": "673c61a51d47600007407a01",
        "time": "1732010405283000000",
        "tradeId": "5495982196013059",
        "type": "match",
        "time_if_data": "10:00:05.318",
        "time_at_process": "10:00:05.122"
    },
    {
        "topic": "/market/match:BTF-USDT",
        "type": "message",
        "subject": "trade.l3match",
        "data": {
            "makerOrderId": "673c5fc0ab0f0a00075cdf12",
            "price": "0.14723",
            "sequence": "5495982212659201",
            "side": "buy",
            "size": "654.4",
            "symbol": "BTF-USDT",
            "takerOrderId": "673c61a52ab01000077e1df8",
            "time": "1732010405338000000",
            "tradeId": "5495982212659201",
            "type": "match",
            "time_if_data": "10:00:05.375",
            "time_at_process": "10:00:05.318"
        },
        "timebefore_pong": "10:00:05.375"
    },
    {
        "makerOrderId": "673c5fc0ab0f0a00075cdf12",
        "price": "0.14723",
        "sequence": "5495982212659201",
        "side": "buy",
        "size": "654.4",
        "symbol": "BTF-USDT",
        "takerOrderId": "673c61a52ab01000077e1df8",
        "time": "1732010405338000000",
        "tradeId": "5495982212659201",
        "type": "match",
        "time_if_data": "10:00:05.375",
        "time_at_process": "10:00:05.318"
    },
    {
        "topic": "/market/match:BTF-USDT",
        "type": "message",
        "subject": "trade.l3match",
        "data": {
            "makerOrderId": "673c5fc0ab0f0a00075cdf12",
            "price": "0.14723",
            "sequence": "5495982250276865",
            "side": "buy",
            "size": "33.5",
            "symbol": "BTF-USDT",
            "takerOrderId": "673c61a5355a3600073832a5",
            "time": "1732010405485000000",
            "tradeId": "5495982250276865",
            "type": "match",
            "time_if_data": "10:00:05.525",
            "time_at_process": "10:00:05.375"
        },
        "timebefore_pong": "10:00:05.524"
    },
    {
        "makerOrderId": "673c5fc0ab0f0a00075cdf12",
        "price": "0.14723",
        "sequence": "5495982250276865",
        "side": "buy",
        "size": "33.5",
        "symbol": "BTF-USDT",
        "takerOrderId": "673c61a5355a3600073832a5",
        "time": "1732010405485000000",
        "tradeId": "5495982250276865",
        "type": "match",
        "time_if_data": "10:00:05.525",
        "time_at_process": "10:00:05.375"
    },
    {
        "topic": "/market/match:BTF-USDT",
        "type": "message",
        "subject": "trade.l3match",
        "data": {
            "makerOrderId": "673c5fc0ab0f0a00075cdf12",
            "price": "0.14723",
            "sequence": "5495982255257601",
            "side": "buy",
            "size": "654.4",
            "symbol": "BTF-USDT",
            "takerOrderId": "673c61a5d181be00073b4862",
            "time": "1732010405504000000",
            "tradeId": "5495982255257601",
            "type": "match",
            "time_if_data": "10:00:05.545",
            "time_at_process": "10:00:05.525"
        },
        "timebefore_pong": "10:00:05.545"
    },
    {
        "makerOrderId": "673c5fc0ab0f0a00075cdf12",
        "price": "0.14723",
        "sequence": "5495982255257601",
        "side": "buy",
        "size": "654.4",
        "symbol": "BTF-USDT",
        "takerOrderId": "673c61a5d181be00073b4862",
        "time": "1732010405504000000",
        "tradeId": "5495982255257601",
        "type": "match",
        "time_if_data": "10:00:05.545",
        "time_at_process": "10:00:05.525"
    },
    {
        "topic": "/market/match:BTF-USDT",
        "type": "message",
        "subject": "trade.l3match",
        "data": {
            "makerOrderId": "673c5fc0ab0f0a00075cdf12",
            "price": "0.14723",
            "sequence": "5495982266529793",
            "side": "buy",
            "size": "67.3",
            "symbol": "BTF-USDT",
            "takerOrderId": "673c61a53cda6500071fc038",
            "time": "1732010405538000000",
            "tradeId": "5495982266529793",
            "type": "match",
            "time_if_data": "10:00:05.578",
            "time_at_process": "10:00:05.545"
        },
        "timebefore_pong": "10:00:05.577"
    },
    {
        "makerOrderId": "673c5fc0ab0f0a00075cdf12",
        "price": "0.14723",
        "sequence": "5495982266529793",
        "side": "buy",
        "size": "67.3",
        "symbol": "BTF-USDT",
        "takerOrderId": "673c61a53cda6500071fc038",
        "time": "1732010405538000000",
        "tradeId": "5495982266529793",
        "type": "match",
        "time_if_data": "10:00:05.578",
        "time_at_process": "10:00:05.545"
    },
    {
        "topic": "/market/match:BTF-USDT",
        "type": "message",
        "subject": "trade.l3match",
        "data": {
            "makerOrderId": "673c5fc0ab0f0a00075cdf12",
            "price": "0.14723",
            "sequence": "5495982277670913",
            "side": "buy",
            "size": "3378.8",
            "symbol": "BTF-USDT",
            "takerOrderId": "673c61a5adc2120007a04d16",
            "time": "1732010405578000000",
            "tradeId": "5495982277670913",
            "type": "match",
            "time_if_data": "10:00:05.618",
            "time_at_process": "10:00:05.578"
        },
        "timebefore_pong": "10:00:05.618"
    },
    {
        "makerOrderId": "673c5fc0ab0f0a00075cdf12",
        "price": "0.14723",
        "sequence": "5495982277670913",
        "side": "buy",
        "size": "3378.8",
        "symbol": "BTF-USDT",
        "takerOrderId": "673c61a5adc2120007a04d16",
        "time": "1732010405578000000",
        "tradeId": "5495982277670913",
        "type": "match",
        "time_if_data": "10:00:05.618",
        "time_at_process": "10:00:05.578"
    },
    {
        "topic": "/market/match:BTF-USDT",
        "type": "message",
        "subject": "trade.l3match",
        "data": {
            "makerOrderId": "673c5fc0ab0f0a00075cdf12",
            "price": "0.14723",
            "sequence": "5495982292875265",
            "side": "buy",
            "size": "67.2",
            "symbol": "BTF-USDT",
            "takerOrderId": "673c61a5392ff7000787c4a3",
            "time": "1732010405622000000",
            "tradeId": "5495982292875265",
            "type": "match",
            "time_if_data": "10:00:05.665",
            "time_at_process": "10:00:05.618"
        },
        "timebefore_pong": "10:00:05.665"
    },
    {
        "makerOrderId": "673c5fc0ab0f0a00075cdf12",
        "price": "0.14723",
        "sequence": "5495982292875265",
        "side": "buy",
        "size": "67.2",
        "symbol": "BTF-USDT",
        "takerOrderId": "673c61a5392ff7000787c4a3",
        "time": "1732010405622000000",
        "tradeId": "5495982292875265",
        "type": "match",
        "time_if_data": "10:00:05.665",
        "time_at_process": "10:00:05.618"
    },
    {
        "topic": "/market/match:BTF-USDT",
        "type": "message",
        "subject": "trade.l3match",
        "data": {
            "makerOrderId": "673c5fc0ab0f0a00075cdf12",
            "price": "0.14723",
            "sequence": "5495982297856001",
            "side": "buy",
            "size": "654.4",
            "symbol": "BTF-USDT",
            "takerOrderId": "673c61a5d181be00073b48f1",
            "time": "1732010405638000000",
            "tradeId": "5495982297856001",
            "type": "match",
            "time_if_data": "10:00:05.678",
            "time_at_process": "10:00:05.665"
        },
        "timebefore_pong": "10:00:05.678"
    },
    {
        "makerOrderId": "673c5fc0ab0f0a00075cdf12",
        "price": "0.14723",
        "sequence": "5495982297856001",
        "side": "buy",
        "size": "654.4",
        "symbol": "BTF-USDT",
        "takerOrderId": "673c61a5d181be00073b48f1",
        "time": "1732010405638000000",
        "tradeId": "5495982297856001",
        "type": "match",
        "time_if_data": "10:00:05.678",
        "time_at_process": "10:00:05.665"
    },
    {
        "topic": "/market/match:BTF-USDT",
        "type": "message",
        "subject": "trade.l3match",
        "data": {
            "makerOrderId": "673c5fc0ab0f0a00075cdf12",
            "price": "0.14723",
            "sequence": "5495982324201473",
            "side": "buy",
            "size": "2340.2",
            "symbol": "BTF-USDT",
            "takerOrderId": "673c61a5ae43c400075e17da",
            "time": "1732010405713000000",
            "tradeId": "5495982324201473",
            "type": "match",
            "time_if_data": "10:00:05.754",
            "time_at_process": "10:00:05.679"
        },
        "timebefore_pong": "10:00:05.754"
    },
    {
        "makerOrderId": "673c5fc0ab0f0a00075cdf12",
        "price": "0.14723",
        "sequence": "5495982324201473",
        "side": "buy",
        "size": "2340.2",
        "symbol": "BTF-USDT",
        "takerOrderId": "673c61a5ae43c400075e17da",
        "time": "1732010405713000000",
        "tradeId": "5495982324201473",
        "type": "match",
        "time_if_data": "10:00:05.754",
        "time_at_process": "10:00:05.679"
    },
    {
        "topic": "/market/match:BTF-USDT",
        "type": "message",
        "subject": "trade.l3match",
        "data": {
            "makerOrderId": "673c5fc0c95c310007cad0e9",
            "price": "0.152",
            "sequence": "5495982340192257",
            "side": "buy",
            "size": "654.4",
            "symbol": "BTF-USDT",
            "takerOrderId": "673c61a5429d8b00070767ac",
            "time": "1732010405765000000",
            "tradeId": "5495982340192257",
            "type": "match",
            "time_if_data": "10:00:05.809",
            "time_at_process": "10:00:05.754"
        },
        "timebefore_pong": "10:00:05.809"
    },
    {
        "makerOrderId": "673c5fc0c95c310007cad0e9",
        "price": "0.152",
        "sequence": "5495982340192257",
        "side": "buy",
        "size": "654.4",
        "symbol": "BTF-USDT",
        "takerOrderId": "673c61a5429d8b00070767ac",
        "time": "1732010405765000000",
        "tradeId": "5495982340192257",
        "type": "match",
        "time_if_data": "10:00:05.809",
        "time_at_process": "10:00:05.754"
    },
    {
        "topic": "/market/match:BTF-USDT",
        "type": "message",
        "subject": "trade.l3match",
        "data": {
            "makerOrderId": "673c5fc0c95c310007cad0e9",
            "price": "0.152",
            "sequence": "5495982494726145",
            "side": "buy",
            "size": "65.6",
            "symbol": "BTF-USDT",
            "takerOrderId": "673c61a62ab01000077e2187",
            "time": "1732010406193000000",
            "tradeId": "5495982494726145",
            "type": "match",
            "time_if_data": "10:00:06.232",
            "time_at_process": "10:00:05.810"
        },
        "timebefore_pong": "10:00:06.232"
    },
    {
        "makerOrderId": "673c5fc0c95c310007cad0e9",
        "price": "0.152",
        "sequence": "5495982494726145",
        "side": "buy",
        "size": "65.6",
        "symbol": "BTF-USDT",
        "takerOrderId": "673c61a62ab01000077e2187",
        "time": "1732010406193000000",
        "tradeId": "5495982494726145",
        "type": "match",
        "time_if_data": "10:00:06.232",
        "time_at_process": "10:00:05.810"
    },
    {
        "topic": "/market/match:BTF-USDT",
        "type": "message",
        "subject": "trade.l3match",
        "data": {
            "makerOrderId": "673c5fc0c95c310007cad0e9",
            "price": "0.152",
            "sequence": "5495982564063233",
            "side": "buy",
            "size": "32.5",
            "symbol": "BTF-USDT",
            "takerOrderId": "673c61a61d47600007407eff",
            "time": "1732010406430000000",
            "tradeId": "5495982564063233",
            "type": "match",
            "time_if_data": "10:00:06.471",
            "time_at_process": "10:00:06.232"
        },
        "timebefore_pong": "10:00:06.471"
    },
    {
        "makerOrderId": "673c5fc0c95c310007cad0e9",
        "price": "0.152",
        "sequence": "5495982564063233",
        "side": "buy",
        "size": "32.5",
        "symbol": "BTF-USDT",
        "takerOrderId": "673c61a61d47600007407eff",
        "time": "1732010406430000000",
        "tradeId": "5495982564063233",
        "type": "match",
        "time_if_data": "10:00:06.471",
        "time_at_process": "10:00:06.232"
    },
    {
        "topic": "/market/match:BTF-USDT",
        "type": "message",
        "subject": "trade.l3match",
        "data": {
            "makerOrderId": "673c5fc0c95c310007cad0e9",
            "price": "0.152",
            "sequence": "5495982593423361",
            "side": "buy",
            "size": "2017.5",
            "symbol": "BTF-USDT",
            "takerOrderId": "673c61a62ab01000077e22d1",
            "time": "1732010406506000000",
            "tradeId": "5495982593423361",
            "type": "match",
            "time_if_data": "10:00:06.546",
            "time_at_process": "10:00:06.471"
        },
        "timebefore_pong": "10:00:06.546"
    },
    {
        "makerOrderId": "673c5fc0c95c310007cad0e9",
        "price": "0.152",
        "sequence": "5495982593423361",
        "side": "buy",
        "size": "2017.5",
        "symbol": "BTF-USDT",
        "takerOrderId": "673c61a62ab01000077e22d1",
        "time": "1732010406506000000",
        "tradeId": "5495982593423361",
        "type": "match",
        "time_if_data": "10:00:06.546",
        "time_at_process": "10:00:06.471"
    },
    {
        "topic": "/market/match:BTF-USDT",
        "type": "message",
        "subject": "trade.l3match",
        "data": {
            "makerOrderId": "673c61a62ab01000077e22d1",
            "price": "0.1539",
            "sequence": "5495982773909505",
            "side": "sell",
            "size": "267.5",
            "symbol": "BTF-USDT",
            "takerOrderId": "673c61a7c95c310007d38c42",
            "time": "1732010407071000000",
            "tradeId": "5495982773909505",
            "type": "match",
            "time_if_data": "10:00:07.110",
            "time_at_process": "10:00:06.546"
        },
        "timebefore_pong": "10:00:07.110"
    },
    {
        "makerOrderId": "673c61a62ab01000077e22d1",
        "price": "0.1539",
        "sequence": "5495982773909505",
        "side": "sell",
        "size": "267.5",
        "symbol": "BTF-USDT",
        "takerOrderId": "673c61a7c95c310007d38c42",
        "time": "1732010407071000000",
        "tradeId": "5495982773909505",
        "type": "match",
        "time_if_data": "10:00:07.110",
        "time_at_process": "10:00:06.546"
    },
    {
        "topic": "/market/match:BTF-USDT",
        "type": "message",
        "subject": "trade.l3match",
        "data": {
            "makerOrderId": "673c5fc03cda650007170504",
            "price": "0.15677",
            "sequence": "5495982898034689",
            "side": "buy",
            "size": "3460",
            "symbol": "BTF-USDT",
            "takerOrderId": "673c61a7ae43c400075e1f25",
            "time": "1732010407523000000",
            "tradeId": "5495982898034689",
            "type": "match",
            "time_if_data": "10:00:07.560",
            "time_at_process": "10:00:07.111"
        },
        "timebefore_pong": "10:00:07.560"
    },
    {
        "makerOrderId": "673c5fc03cda650007170504",
        "price": "0.15677",
        "sequence": "5495982898034689",
        "side": "buy",
        "size": "3460",
        "symbol": "BTF-USDT",
        "takerOrderId": "673c61a7ae43c400075e1f25",
        "time": "1732010407523000000",
        "tradeId": "5495982898034689",
        "type": "match",
        "time_if_data": "10:00:07.560",
        "time_at_process": "10:00:07.111"
    },
    {
        "topic": "/market/match:BTF-USDT",
        "type": "message",
        "subject": "trade.l3match",
        "data": {
            "makerOrderId": "673c5fc02ab010000775691c",
            "price": "0.16154",
            "sequence": "5495982898034692",
            "side": "buy",
            "size": "1478.2",
            "symbol": "BTF-USDT",
            "takerOrderId": "673c61a7ae43c400075e1f25",
            "time": "1732010407523000000",
            "tradeId": "5495982898034692",
            "type": "match",
            "time_if_data": "10:00:07.561",
            "time_at_process": "10:00:07.561"
        },
        "timebefore_pong": "10:00:07.561"
    },
    {
        "makerOrderId": "673c5fc02ab010000775691c",
        "price": "0.16154",
        "sequence": "5495982898034692",
        "side": "buy",
        "size": "1478.2",
        "symbol": "BTF-USDT",
        "takerOrderId": "673c61a7ae43c400075e1f25",
        "time": "1732010407523000000",
        "tradeId": "5495982898034692",
        "type": "match",
        "time_if_data": "10:00:07.561",
        "time_at_process": "10:00:07.561"
    },
    {
        "topic": "/market/match:BTF-USDT",
        "type": "message",
        "subject": "trade.l3match",
        "data": {
            "makerOrderId": "673c5fc02ab010000775691c",
            "price": "0.16154",
            "sequence": "5495983131473921",
            "side": "buy",
            "size": "992.6",
            "symbol": "BTF-USDT",
            "takerOrderId": "673c61a84bcca60007e9e24c",
            "time": "1732010408200000000",
            "tradeId": "5495983131473921",
            "type": "match",
            "time_if_data": "10:00:08.243",
            "time_at_process": "10:00:07.561"
        },
        "timebefore_pong": "10:00:08.243"
    },
    {
        "makerOrderId": "673c5fc02ab010000775691c",
        "price": "0.16154",
        "sequence": "5495983131473921",
        "side": "buy",
        "size": "992.6",
        "symbol": "BTF-USDT",
        "takerOrderId": "673c61a84bcca60007e9e24c",
        "time": "1732010408200000000",
        "tradeId": "5495983131473921",
        "type": "match",
        "time_if_data": "10:00:08.243",
        "time_at_process": "10:00:07.561"
    },
    {
        "topic": "/market/match:BTF-USDT",
        "type": "message",
        "subject": "trade.l3match",
        "data": {
            "makerOrderId": "673c5fc02ab010000775691c",
            "price": "0.16154",
            "sequence": "5495983392438273",
            "side": "buy",
            "size": "1849.2",
            "symbol": "BTF-USDT",
            "takerOrderId": "673c61a9429d8b000707757d",
            "time": "1732010409045000000",
            "tradeId": "5495983392438273",
            "type": "match",
            "time_if_data": "10:00:09.086",
            "time_at_process": "10:00:08.243"
        },
        "timebefore_pong": "10:00:09.086"
    },
    {
        "makerOrderId": "673c5fc02ab010000775691c",
        "price": "0.16154",
        "sequence": "5495983392438273",
        "side": "buy",
        "size": "1849.2",
        "symbol": "BTF-USDT",
        "takerOrderId": "673c61a9429d8b000707757d",
        "time": "1732010409045000000",
        "tradeId": "5495983392438273",
        "type": "match",
        "time_if_data": "10:00:09.086",
        "time_at_process": "10:00:08.243"
    },
    {
        "topic": "/market/match:BTF-USDT",
        "type": "message",
        "subject": "trade.l3match",
        "data": {
            "makerOrderId": "673c61a8c95c310007d3915a",
            "price": "0.1629",
            "sequence": "5495983392438276",
            "side": "buy",
            "size": "1212.6",
            "symbol": "BTF-USDT",
            "takerOrderId": "673c61a9429d8b000707757d",
            "time": "1732010409045000000",
            "tradeId": "5495983392438276",
            "type": "match",
            "time_if_data": "10:00:09.086",
            "time_at_process": "10:00:09.086"
        },
        "timebefore_pong": "10:00:09.086"
    },
    {
        "makerOrderId": "673c61a8c95c310007d3915a",
        "price": "0.1629",
        "sequence": "5495983392438276",
        "side": "buy",
        "size": "1212.6",
        "symbol": "BTF-USDT",
        "takerOrderId": "673c61a9429d8b000707757d",
        "time": "1732010409045000000",
        "tradeId": "5495983392438276",
        "type": "match",
        "time_if_data": "10:00:09.086",
        "time_at_process": "10:00:09.086"
    },
    {
        "topic": "/market/match:BTF-USDT",
        "type": "message",
        "subject": "trade.l3match",
        "data": {
            "makerOrderId": "673c61a8c95c310007d3915a",
            "price": "0.1629",
            "sequence": "5495983516039169",
            "side": "buy",
            "size": "30.1",
            "symbol": "BTF-USDT",
            "takerOrderId": "673c61a9429d8b0007077749",
            "time": "1732010409414000000",
            "tradeId": "5495983516039169",
            "type": "match",
            "time_if_data": "10:00:09.451",
            "time_at_process": "10:00:09.086"
        },
        "timebefore_pong": "10:00:09.451"
    },
    {
        "makerOrderId": "673c61a8c95c310007d3915a",
        "price": "0.1629",
        "sequence": "5495983516039169",
        "side": "buy",
        "size": "30.1",
        "symbol": "BTF-USDT",
        "takerOrderId": "673c61a9429d8b0007077749",
        "time": "1732010409414000000",
        "tradeId": "5495983516039169",
        "type": "match",
        "time_if_data": "10:00:09.451",
        "time_at_process": "10:00:09.086"
    },
    {
        "topic": "/market/match:BTF-USDT",
        "type": "message",
        "subject": "trade.l3match",
        "data": {
            "makerOrderId": "673c61a9ab0f0a000765a68d",
            "price": "0.16006",
            "sequence": "5495983557982209",
            "side": "buy",
            "size": "30.1",
            "symbol": "BTF-USDT",
            "takerOrderId": "673c61a9fc90220007ba9942",
            "time": "1732010409548000000",
            "tradeId": "5495983557982209",
            "type": "match",
            "time_if_data": "10:00:09.586",
            "time_at_process": "10:00:09.452"
        },
        "timebefore_pong": "10:00:09.586"
    },
    {
        "makerOrderId": "673c61a9ab0f0a000765a68d",
        "price": "0.16006",
        "sequence": "5495983557982209",
        "side": "buy",
        "size": "30.1",
        "symbol": "BTF-USDT",
        "takerOrderId": "673c61a9fc90220007ba9942",
        "time": "1732010409548000000",
        "tradeId": "5495983557982209",
        "type": "match",
        "time_if_data": "10:00:09.586",
        "time_at_process": "10:00:09.452"
    },
    {
        "topic": "/market/match:BTF-USDT",
        "type": "message",
        "subject": "trade.l3match",
        "data": {
            "makerOrderId": "673c61a9ab0f0a000765a68d",
            "price": "0.16006",
            "sequence": "5495983846864897",
            "side": "buy",
            "size": "282.2",
            "symbol": "BTF-USDT",
            "takerOrderId": "673c61aac95c310007d39a98",
            "time": "1732010410380000000",
            "tradeId": "5495983846864897",
            "type": "match",
            "time_if_data": "10:00:10.420",
            "time_at_process": "10:00:09.586"
        },
        "timebefore_pong": "10:00:10.420"
    },
    {
        "makerOrderId": "673c61a9ab0f0a000765a68d",
        "price": "0.16006",
        "sequence": "5495983846864897",
        "side": "buy",
        "size": "282.2",
        "symbol": "BTF-USDT",
        "takerOrderId": "673c61aac95c310007d39a98",
        "time": "1732010410380000000",
        "tradeId": "5495983846864897",
        "type": "match",
        "time_if_data": "10:00:10.420",
        "time_at_process": "10:00:09.586"
    },
    {
        "topic": "/market/match:BTF-USDT",
        "type": "message",
        "subject": "trade.l3match",
        "data": {
            "makerOrderId": "673c61a8c95c310007d3915a",
            "price": "0.1629",
            "sequence": "5495983846864900",
            "side": "buy",
            "size": "60.3",
            "symbol": "BTF-USDT",
            "takerOrderId": "673c61aac95c310007d39a98",
            "time": "1732010410380000000",
            "tradeId": "5495983846864900",
            "type": "match",
            "time_if_data": "10:00:10.422",
            "time_at_process": "10:00:10.422"
        },
        "timebefore_pong": "10:00:10.422"
    },
    {
        "makerOrderId": "673c61a8c95c310007d3915a",
        "price": "0.1629",
        "sequence": "5495983846864900",
