{
  "metadata": {
    "symbol": "GIGA",
    "channel": "match",
    "start_time": "11:59:30.0000",
    "release_time": "12:00:00.0000",
    "end_time": "12:20:00.0000",
    "total_messages": 483,
    "final_snapshot": {
      "time": "12:20:00.0070",
      "symbol": "GIGA-USDT",
      "price_high": "0.0621",
      "price_last": "0.05568",
      "price_low": "0.0555",
      "price_avg": null,
      "volValue_USDT": "38227.021394"
    }
  },
  "data": [
    {
      "price": "0.05987",
      "sequence": "6014132065548289",
      "side": "sell",
      "size": "90",
      "symbol": "GIGA-USDT",
      "time": "1733400000000000000",
      "tradeId": "6014132065548289",
      "type": "match",
      "time_received": "12:00:00.1856"
    },
    {
      "makerOrderId": "67519112716ab30007933c29",
      "price": "0.05987",
      "sequence": "6014132090189825",
      "side": "buy",
      "size": "10",
      "symbol": "GIGA-USDT",
      "takerOrderId": "675195c0716ab30007b17f3f",
      "time": "1733400000192000000",
      "tradeId": "6014132090189825",
      "type": "match",
      "time_received": "12:00:00.2436"
    },
    {
      "makerOrderId": "675190dbfd061e000740d1ba",
      "price": "0.05989",
      "sequence": "6014132090189828",
      "side": "buy",
      "size": "52",
      "symbol": "GIGA-USDT",
      "takerOrderId": "675195c0716ab30007b17f3f",
      "time": "1733400000192000000",
      "tradeId": "6014132090189828",
      "type": "match",
      "time_received": "12:00:00.2437"
    },
    {
      "makerOrderId": "675190dbfd061e000740d1ba",
      "price": "0.05989",
      "sequence": "6014132272773121",
      "side": "buy",
      "size": "48",
      "symbol": "GIGA-USDT",
      "takerOrderId": "675195c0ff2a9e0007d32b42",
      "time": "1733400000680000000",
      "tradeId": "6014132272773121",
      "type": "match",
      "time_received": "12:00:00.7296"
    },
    {
      "makerOrderId": "675191127cf7ff0007448b91",
      "price": "0.05991",
      "sequence": "6014132287453185",
      "side": "buy",
      "size": "100",
      "symbol": "GIGA-USDT",
      "takerOrderId": "675195c0a398ab0007579a1c",
      "time": "1733400000721000000",
      "tradeId": "6014132287453185",
      "type": "match",
      "time_received": "12:00:00.7715"
    },
    {
      "makerOrderId": "675190dbfd80ce000722b719",
      "price": "0.05993",
      "sequence": "6014132287453188",
      "side": "buy",
      "size": "100",
      "symbol": "GIGA-USDT",
      "takerOrderId": "675195c0a398ab0007579a1c",
      "time": "1733400000721000000",
      "tradeId": "6014132287453188",
      "type": "match",
      "time_received": "12:00:00.7716"
    },
    {
      "makerOrderId": "67519112aef36e00074b9b39",
      "price": "0.05994",
      "sequence": "6014132287453191",
      "side": "buy",
      "size": "100",
      "symbol": "GIGA-USDT",
      "takerOrderId": "675195c0a398ab0007579a1c",
      "time": "1733400000721000000",
      "tradeId": "6014132287453191",
      "type": "match",
      "time_received": "12:00:00.7716"
    },
    {
      "makerOrderId": "675190db41bdfd0007401fce",
      "price": "0.05997",
      "sequence": "6014132287453194",
      "side": "buy",
      "size": "100",
      "symbol": "GIGA-USDT",
      "takerOrderId": "675195c0a398ab0007579a1c",
      "time": "1733400000721000000",
      "tradeId": "6014132287453194",
      "type": "match",
      "time_received": "12:00:00.7716"
    },
    {
      "makerOrderId": "67519112fe36bf0007c6fc0c",
      "price": "0.05998",
      "sequence": "6014132287453197",
      "side": "buy",
      "size": "100",
      "symbol": "GIGA-USDT",
      "takerOrderId": "675195c0a398ab0007579a1c",
      "time": "1733400000721000000",
      "tradeId": "6014132287453197",
      "type": "match",
      "time_received": "12:00:00.7718"
    },
    {
      "makerOrderId": "675190dbf5179000077ccc84",
      "price": "0.06001",
      "sequence": "6014132287453200",
      "side": "buy",
      "size": "100",
      "symbol": "GIGA-USDT",
      "takerOrderId": "675195c0a398ab0007579a1c",
      "time": "1733400000721000000",
      "tradeId": "6014132287453200",
      "type": "match",
      "time_received": "12:00:00.7718"
    },
    {
      "makerOrderId": "67519112fd80ce000723e03c",
      "price": "0.06002",
      "sequence": "6014132287453203",
      "side": "buy",
      "size": "100",
      "symbol": "GIGA-USDT",
      "takerOrderId": "675195c0a398ab0007579a1c",
      "time": "1733400000721000000",
      "tradeId": "6014132287453203",
      "type": "match",
      "time_received": "12:00:00.7719"
    },
    {
      "makerOrderId": "675190dbfe36bf0007c5d2bc",
      "price": "0.06005",
      "sequence": "6014132287453206",
      "side": "buy",
      "size": "100",
      "symbol": "GIGA-USDT",
      "takerOrderId": "675195c0a398ab0007579a1c",
      "time": "1733400000721000000",
      "tradeId": "6014132287453206",
      "type": "match",
      "time_received": "12:00:00.7719"
    },
    {
      "makerOrderId": "67519112aef36e00074b9b94",
      "price": "0.06006",
      "sequence": "6014132287453209",
      "side": "buy",
      "size": "100",
      "symbol": "GIGA-USDT",
      "takerOrderId": "675195c0a398ab0007579a1c",
      "time": "1733400000721000000",
      "tradeId": "6014132287453209",
      "type": "match",
      "time_received": "12:00:00.7719"
    },
    {
      "makerOrderId": "6751910cff2a9e0007b4c295",
      "price": "0.06009",
      "sequence": "6014132287453212",
      "side": "buy",
      "size": "100",
      "symbol": "GIGA-USDT",
      "takerOrderId": "675195c0a398ab0007579a1c",
      "time": "1733400000721000000",
      "tradeId": "6014132287453212",
      "type": "match",
      "time_received": "12:00:00.7979"
    },
    {
      "makerOrderId": "675191128338b90007e67b3f",
      "price": "0.0601",
      "sequence": "6014132287453215",
      "side": "buy",
      "size": "100",
      "symbol": "GIGA-USDT",
      "takerOrderId": "675195c0a398ab0007579a1c",
      "time": "1733400000721000000",
      "tradeId": "6014132287453215",
      "type": "match",
      "time_received": "12:00:00.7980"
    },
    {
      "makerOrderId": "6751910c1ed0d8000797db67",
      "price": "0.06013",
      "sequence": "6014132287453218",
      "side": "buy",
      "size": "100",
      "symbol": "GIGA-USDT",
      "takerOrderId": "675195c0a398ab0007579a1c",
      "time": "1733400000721000000",
      "tradeId": "6014132287453218",
      "type": "match",
      "time_received": "12:00:00.7980"
    },
    {
      "makerOrderId": "67519112fd80ce000723e083",
      "price": "0.06014",
      "sequence": "6014132287453221",
      "side": "buy",
      "size": "100",
      "symbol": "GIGA-USDT",
      "takerOrderId": "675195c0a398ab0007579a1c",
      "time": "1733400000721000000",
      "tradeId": "6014132287453221",
      "type": "match",
      "time_received": "12:00:00.7981"
    },
    {
      "makerOrderId": "6751910cfd80ce000723c324",
      "price": "0.06017",
      "sequence": "6014132287453224",
      "side": "buy",
      "size": "100",
      "symbol": "GIGA-USDT",
      "takerOrderId": "675195c0a398ab0007579a1c",
      "time": "1733400000721000000",
      "tradeId": "6014132287453224",
      "type": "match",
      "time_received": "12:00:00.7981"
    },
    {
      "makerOrderId": "6751911241bdfd0007414982",
      "price": "0.06018",
      "sequence": "6014132287453227",
      "side": "buy",
      "size": "100",
      "symbol": "GIGA-USDT",
      "takerOrderId": "675195c0a398ab0007579a1c",
      "time": "1733400000721000000",
      "tradeId": "6014132287453227",
      "type": "match",
      "time_received": "12:00:00.7982"
    },
    {
      "makerOrderId": "6751910cecb8b2000750458d",
      "price": "0.06021",
      "sequence": "6014132287453230",
      "side": "buy",
      "size": "100",
      "symbol": "GIGA-USDT",
      "takerOrderId": "675195c0a398ab0007579a1c",
      "time": "1733400000721000000",
      "tradeId": "6014132287453230",
      "type": "match",
      "time_received": "12:00:00.7982"
    },
    {
      "makerOrderId": "675191128338b90007e67b4a",
      "price": "0.06022",
      "sequence": "6014132287453233",
      "side": "buy",
      "size": "100",
      "symbol": "GIGA-USDT",
      "takerOrderId": "675195c0a398ab0007579a1c",
      "time": "1733400000721000000",
      "tradeId": "6014132287453233",
      "type": "match",
      "time_received": "12:00:00.7983"
    },
    {
      "makerOrderId": "6751910cb1d2ab00072cd7cd",
      "price": "0.06025",
      "sequence": "6014132287453236",
      "side": "buy",
      "size": "100",
      "symbol": "GIGA-USDT",
      "takerOrderId": "675195c0a398ab0007579a1c",
      "time": "1733400000721000000",
      "tradeId": "6014132287453236",
      "type": "match",
      "time_received": "12:00:00.8394"
    },
    {
      "makerOrderId": "6751911241bdfd00074149bc",
      "price": "0.06026",
      "sequence": "6014132287453239",
      "side": "buy",
      "size": "100",
      "symbol": "GIGA-USDT",
      "takerOrderId": "675195c0a398ab0007579a1c",
      "time": "1733400000721000000",
      "tradeId": "6014132287453239",
      "type": "match",
      "time_received": "12:00:00.8394"
    },
    {
      "makerOrderId": "6751910c1ed0d8000797dbaa",
      "price": "0.06029",
      "sequence": "6014132287453242",
      "side": "buy",
      "size": "100",
      "symbol": "GIGA-USDT",
      "takerOrderId": "675195c0a398ab0007579a1c",
      "time": "1733400000721000000",
      "tradeId": "6014132287453242",
      "type": "match",
      "time_received": "12:00:00.8394"
    },
    {
      "makerOrderId": "67519112f5179000077df5dd",
      "price": "0.0603",
      "sequence": "6014132287453245",
      "side": "buy",
      "size": "100",
      "symbol": "GIGA-USDT",
      "takerOrderId": "675195c0a398ab0007579a1c",
      "time": "1733400000721000000",
      "tradeId": "6014132287453245",
      "type": "match",
      "time_received": "12:00:00.8395"
    },
    {
      "makerOrderId": "6751910c2e6b3a0007e1c64d",
      "price": "0.06033",
      "sequence": "6014132287453248",
      "side": "buy",
      "size": "100",
      "symbol": "GIGA-USDT",
      "takerOrderId": "675195c0a398ab0007579a1c",
      "time": "1733400000721000000",
      "tradeId": "6014132287453248",
      "type": "match",
      "time_received": "12:00:00.8395"
    },
    {
      "makerOrderId": "675191123ecf43000705532f",
      "price": "0.06033",
      "sequence": "6014132287453251",
      "side": "buy",
      "size": "100",
      "symbol": "GIGA-USDT",
      "takerOrderId": "675195c0a398ab0007579a1c",
      "time": "1733400000721000000",
      "tradeId": "6014132287453251",
      "type": "match",
      "time_received": "12:00:00.8395"
    },
    {
      "makerOrderId": "6751910c3ecf43000705362b",
      "price": "0.06037",
      "sequence": "6014132287453254",
      "side": "buy",
      "size": "100",
      "symbol": "GIGA-USDT",
      "takerOrderId": "675195c0a398ab0007579a1c",
      "time": "1733400000721000000",
      "tradeId": "6014132287453254",
      "type": "match",
      "time_received": "12:00:00.8396"
    },
    {
      "makerOrderId": "67519112e775000007bacc11",
      "price": "0.06037",
      "sequence": "6014132287453257",
      "side": "buy",
      "size": "100",
      "symbol": "GIGA-USDT",
      "takerOrderId": "675195c0a398ab0007579a1c",
      "time": "1733400000721000000",
      "tradeId": "6014132287453257",
      "type": "match",
      "time_received": "12:00:00.8397"
    },
    {
      "makerOrderId": "6751910c3bb37e0007185ac6",
      "price": "0.06041",
      "sequence": "6014132287453260",
      "side": "buy",
      "size": "100",
      "symbol": "GIGA-USDT",
      "takerOrderId": "675195c0a398ab0007579a1c",
      "time": "1733400000721000000",
      "tradeId": "6014132287453260",
      "type": "match",
      "time_received": "12:00:00.8398"
    },
    {
      "makerOrderId": "675191123ecf430007055337",
      "price": "0.06041",
      "sequence": "6014132287453263",
      "side": "buy",
      "size": "100",
      "symbol": "GIGA-USDT",
      "takerOrderId": "675195c0a398ab0007579a1c",
      "time": "1733400000721000000",
      "tradeId": "6014132287453263",
      "type": "match",
      "time_received": "12:00:00.8398"
    },
    {
      "makerOrderId": "6751910cfd80ce000723c379",
      "price": "0.06045",
      "sequence": "6014132287453266",
      "side": "buy",
      "size": "100",
      "symbol": "GIGA-USDT",
      "takerOrderId": "675195c0a398ab0007579a1c",
      "time": "1733400000721000000",
      "tradeId": "6014132287453266",
      "type": "match",
      "time_received": "12:00:00.8398"
    },
    {
      "makerOrderId": "675191129574f30007b1040e",
      "price": "0.06045",
      "sequence": "6014132287453269",
      "side": "buy",
      "size": "100",
      "symbol": "GIGA-USDT",
      "takerOrderId": "675195c0a398ab0007579a1c",
      "time": "1733400000721000000",
      "tradeId": "6014132287453269",
      "type": "match",
      "time_received": "12:00:00.8399"
    },
    {
      "makerOrderId": "6751910cecb8b20007504625",
      "price": "0.06049",
      "sequence": "6014132287453272",
      "side": "buy",
      "size": "15.2",
      "symbol": "GIGA-USDT",
      "takerOrderId": "675195c0a398ab0007579a1c",
      "time": "1733400000721000000",
      "tradeId": "6014132287453272",
      "type": "match",
      "time_received": "12:00:00.8399"
    },
    {
      "makerOrderId": "6751910cecb8b20007504625",
      "price": "0.06049",
      "sequence": "6014132344993793",
      "side": "buy",
      "size": "84.8",
      "symbol": "GIGA-USDT",
      "takerOrderId": "675195c01ed0d80007b6435b",
      "time": "1733400000853000000",
      "tradeId": "6014132344993793",
      "type": "match",
      "time_received": "12:00:00.9021"
    },
    {
      "makerOrderId": "675191123bb37e000718781f",
      "price": "0.06049",
      "sequence": "6014132344993796",
      "side": "buy",
      "size": "100",
      "symbol": "GIGA-USDT",
      "takerOrderId": "675195c01ed0d80007b6435b",
      "time": "1733400000853000000",
      "tradeId": "6014132344993796",
      "type": "match",
      "time_received": "12:00:00.9022"
    },
    {
      "makerOrderId": "6751910c9574f30007b0e672",
      "price": "0.06053",
      "sequence": "6014132344993799",
      "side": "buy",
      "size": "98.8",
      "symbol": "GIGA-USDT",
      "takerOrderId": "675195c01ed0d80007b6435b",
      "time": "1733400000853000000",
      "tradeId": "6014132344993799",
      "type": "match",
      "time_received": "12:00:00.9022"
    },
    {
      "makerOrderId": "6751910c9574f30007b0e672",
      "price": "0.06053",
      "sequence": "6014132461778945",
      "side": "buy",
      "size": "1.2",
      "symbol": "GIGA-USDT",
      "takerOrderId": "675195c11e1c9e0007128d7c",
      "time": "1733400001085000000",
      "tradeId": "6014132461778945",
      "type": "match",
      "time_received": "12:00:01.1703"
    },
    {
      "makerOrderId": "675191122e6b3a0007e1e3cb",
      "price": "0.06053",
      "sequence": "6014132461778948",
      "side": "buy",
      "size": "100",
      "symbol": "GIGA-USDT",
      "takerOrderId": "675195c11e1c9e0007128d7c",
      "time": "1733400001085000000",
      "tradeId": "6014132461778948",
      "type": "match",
      "time_received": "12:00:01.1704"
    },
    {
      "makerOrderId": "6751910c716ab30007931fba",
      "price": "0.06057",
      "sequence": "6014132461778951",
      "side": "buy",
      "size": "100",
      "symbol": "GIGA-USDT",
      "takerOrderId": "675195c11e1c9e0007128d7c",
      "time": "1733400001085000000",
      "tradeId": "6014132461778951",
      "type": "match",
      "time_received": "12:00:01.1705"
    },
    {
      "makerOrderId": "675191123ecf430007055379",
      "price": "0.06057",
      "sequence": "6014132461778954",
      "side": "buy",
      "size": "75.8",
      "symbol": "GIGA-USDT",
      "takerOrderId": "675195c11e1c9e0007128d7c",
      "time": "1733400001085000000",
      "tradeId": "6014132461778954",
      "type": "match",
      "time_received": "12:00:01.1705"
    },
    {
      "makerOrderId": "675191123ecf430007055379",
      "price": "0.06057",
      "sequence": "6014132468332545",
      "side": "buy",
      "size": "24.2",
      "symbol": "GIGA-USDT",
      "takerOrderId": "675195c1fe36bf0007e545d1",
      "time": "1733400001107000000",
      "tradeId": "6014132468332545",
      "type": "match",
      "time_received": "12:00:01.1705"
    },
    {
      "makerOrderId": "6751910ca398ab00073928fc",
      "price": "0.06061",
      "sequence": "6014132468332548",
      "side": "buy",
      "size": "100",
      "symbol": "GIGA-USDT",
      "takerOrderId": "675195c1fe36bf0007e545d1",
      "time": "1733400001107000000",
      "tradeId": "6014132468332548",
      "type": "match",
      "time_received": "12:00:01.1707"
    },
    {
      "makerOrderId": "675191128338b90007e67bc8",
      "price": "0.06061",
      "sequence": "6014132468332551",
      "side": "buy",
      "size": "0.8",
      "symbol": "GIGA-USDT",
      "takerOrderId": "675195c1fe36bf0007e545d1",
      "time": "1733400001107000000",
      "tradeId": "6014132468332551",
      "type": "match",
      "time_received": "12:00:01.1707"
    },
    {
      "makerOrderId": "675195c0ff2a9e0007d32b42",
      "price": "0.05989",
      "sequence": "6014132648818689",
      "side": "sell",
      "size": "85.5",
      "symbol": "GIGA-USDT",
      "takerOrderId": "675195c19574f30007cf4f5c",
      "time": "1733400001518000000",
      "tradeId": "6014132648818689",
      "type": "match",
      "time_received": "12:00:01.6024"
    },
    {
      "makerOrderId": "675195c19574f30007cf4f5c",
      "price": "0.05911",
      "sequence": "6014133174417419",
      "side": "buy",
      "size": "14.5",
      "symbol": "GIGA-USDT",
      "takerOrderId": "675195c2a398ab000757a74e",
      "time": "1733400002559000000",
      "tradeId": "6014133174417419",
      "type": "match",
      "time_received": "12:00:02.6216"
    },
    {
      "makerOrderId": "675195c18338b9000704cc4e",
      "price": "0.05915",
      "sequence": "6014133174417422",
      "side": "buy",
      "size": "100",
      "symbol": "GIGA-USDT",
      "takerOrderId": "675195c2a398ab000757a74e",
      "time": "1733400002559000000",
      "tradeId": "6014133174417422",
      "type": "match",
      "time_received": "12:00:02.6217"
    },
    {
      "makerOrderId": "675195c1fe36bf0007e54835",
      "price": "0.05919",
      "sequence": "6014133174417425",
      "side": "buy",
      "size": "100",
      "symbol": "GIGA-USDT",
      "takerOrderId": "675195c2a398ab000757a74e",
      "time": "1733400002559000000",
      "tradeId": "6014133174417425",
      "type": "match",
      "time_received": "12:00:02.6217"
    },
    {
      "makerOrderId": "675195c1fd80ce00074228ea",
      "price": "0.05923",
      "sequence": "6014133174417428",
      "side": "buy",
      "size": "100",
      "symbol": "GIGA-USDT",
      "takerOrderId": "675195c2a398ab000757a74e",
      "time": "1733400002559000000",
      "tradeId": "6014133174417428",
      "type": "match",
      "time_received": "12:00:02.6218"
    },
    {
      "makerOrderId": "675195c1aef36e000769ee21",
      "price": "0.05927",
      "sequence": "6014133174417431",
      "side": "buy",
      "size": "100",
      "symbol": "GIGA-USDT",
      "takerOrderId": "675195c2a398ab000757a74e",
      "time": "1733400002559000000",
      "tradeId": "6014133174417431",
      "type": "match",
      "time_received": "12:00:02.6218"
    },
    {
      "makerOrderId": "675195c1f5179000079c439d",
      "price": "0.05931",
      "sequence": "6014133174417434",
      "side": "buy",
      "size": "100",
      "symbol": "GIGA-USDT",
      "takerOrderId": "675195c2a398ab000757a74e",
      "time": "1733400002559000000",
      "tradeId": "6014133174417434",
      "type": "match",
      "time_received": "12:00:02.6218"
    },
    {
      "makerOrderId": "675195c17cf7ff000762d41f",
      "price": "0.05934",
      "sequence": "6014133174417437",
      "side": "buy",
      "size": "100",
      "symbol": "GIGA-USDT",
      "takerOrderId": "675195c2a398ab000757a74e",
      "time": "1733400002559000000",
      "tradeId": "6014133174417437",
      "type": "match",
      "time_received": "12:00:02.6219"
    },
    {
      "makerOrderId": "675195c11e1c9e0007129042",
      "price": "0.05938",
      "sequence": "6014133174417440",
      "side": "buy",
      "size": "100",
      "symbol": "GIGA-USDT",
      "takerOrderId": "675195c2a398ab000757a74e",
      "time": "1733400002559000000",
      "tradeId": "6014133174417440",
      "type": "match",
      "time_received": "12:00:02.6219"
    },
    {
      "makerOrderId": "675195c13ecf43000723a670",
      "price": "0.05942",
      "sequence": "6014133174417443",
      "side": "buy",
      "size": "100",
      "symbol": "GIGA-USDT",
      "takerOrderId": "675195c2a398ab000757a74e",
      "time": "1733400002559000000",
      "tradeId": "6014133174417443",
      "type": "match",
      "time_received": "12:00:02.6219"
    },
    {
      "makerOrderId": "675195c11e1c9e0007129047",
      "price": "0.05946",
      "sequence": "6014133174417446",
      "side": "buy",
      "size": "100",
      "symbol": "GIGA-USDT",
      "takerOrderId": "675195c2a398ab000757a74e",
      "time": "1733400002559000000",
      "tradeId": "6014133174417446",
      "type": "match",
      "time_received": "12:00:02.6220"
    },
    {
      "makerOrderId": "675195c1fe36bf0007e548bd",
      "price": "0.0595",
      "sequence": "6014133174417449",
      "side": "buy",
      "size": "100",
      "symbol": "GIGA-USDT",
      "takerOrderId": "675195c2a398ab000757a74e",
      "time": "1733400002559000000",
      "tradeId": "6014133174417449",
      "type": "match",
      "time_received": "12:00:02.6220"
    },
    {
      "makerOrderId": "675195c19574f30007cf4fd0",
      "price": "0.05954",
      "sequence": "6014133174417452",
      "side": "buy",
      "size": "100",
      "symbol": "GIGA-USDT",
      "takerOrderId": "675195c2a398ab000757a74e",
      "time": "1733400002559000000",
      "tradeId": "6014133174417452",
      "type": "match",
      "time_received": "12:00:02.6220"
    },
    {
      "makerOrderId": "675195c1fd061e0007604d4b",
      "price": "0.05958",
      "sequence": "6014133174417455",
      "side": "buy",
      "size": "100",
      "symbol": "GIGA-USDT",
      "takerOrderId": "675195c2a398ab000757a74e",
      "time": "1733400002559000000",
      "tradeId": "6014133174417455",
      "type": "match",
      "time_received": "12:00:02.6221"
    },
    {
      "makerOrderId": "675195c1a398ab0007579f09",
      "price": "0.05962",
      "sequence": "6014133174417458",
      "side": "buy",
      "size": "100",
      "symbol": "GIGA-USDT",
      "takerOrderId": "675195c2a398ab000757a74e",
      "time": "1733400002559000000",
      "tradeId": "6014133174417458",
      "type": "match",
      "time_received": "12:00:02.6221"
    },
    {
      "makerOrderId": "675195c19574f30007cf4fe0",
      "price": "0.05966",
      "sequence": "6014133174417461",
      "side": "buy",
      "size": "27.6",
      "symbol": "GIGA-USDT",
      "takerOrderId": "675195c2a398ab000757a74e",
      "time": "1733400002559000000",
      "tradeId": "6014133174417461",
      "type": "match",
      "time_received": "12:00:02.6221"
    },
    {
      "makerOrderId": "675195c19574f30007cf4fe0",
      "price": "0.05966",
      "sequence": "6014133467887619",
      "side": "buy",
      "size": "34.8",
      "symbol": "GIGA-USDT",
      "takerOrderId": "675195c37cf7ff000762e18a",
      "time": "1733400003226000000",
      "tradeId": "6014133467887619",
      "type": "match",
      "time_received": "12:00:03.3361"
    },
    {
      "makerOrderId": "675195c19574f30007cf4fe0",
      "price": "0.05966",
      "sequence": "6014133822437381",
      "side": "buy",
      "size": "37.6",
      "symbol": "GIGA-USDT",
      "takerOrderId": "675195c3ecb8b200076ec6b5",
      "time": "1733400003866000000",
      "tradeId": "6014133822437381",
      "type": "match",
      "time_received": "12:00:03.9178"
    },
    {
      "makerOrderId": "675195c18338b9000704cd02",
      "price": "0.0597",
      "sequence": "6014133822437384",
      "side": "buy",
      "size": "100",
      "symbol": "GIGA-USDT",
      "takerOrderId": "675195c3ecb8b200076ec6b5",
      "time": "1733400003866000000",
      "tradeId": "6014133822437384",
      "type": "match",
      "time_received": "12:00:03.9179"
    },
    {
      "makerOrderId": "675195c17cf7ff000762d495",
      "price": "0.05973",
      "sequence": "6014133822437387",
      "side": "buy",
      "size": "100",
      "symbol": "GIGA-USDT",
      "takerOrderId": "675195c3ecb8b200076ec6b5",
      "time": "1733400003866000000",
      "tradeId": "6014133822437387",
      "type": "match",
      "time_received": "12:00:03.9183"
    },
    {
      "makerOrderId": "675195c12e6b3a0007003d81",
      "price": "0.05977",
      "sequence": "6014133822437390",
      "side": "buy",
      "size": "100",
      "symbol": "GIGA-USDT",
      "takerOrderId": "675195c3ecb8b200076ec6b5",
      "time": "1733400003866000000",
      "tradeId": "6014133822437390",
      "type": "match",
      "time_received": "12:00:03.9184"
    },
    {
      "makerOrderId": "675195c17cf7ff000762d49c",
      "price": "0.05981",
      "sequence": "6014133822437393",
      "side": "buy",
      "size": "100",
      "symbol": "GIGA-USDT",
      "takerOrderId": "675195c3ecb8b200076ec6b5",
      "time": "1733400003866000000",
      "tradeId": "6014133822437393",
      "type": "match",
      "time_received": "12:00:03.9184"
    },
    {
      "makerOrderId": "675195c19574f30007cf5015",
      "price": "0.05985",
      "sequence": "6014133822437396",
      "side": "buy",
      "size": "100",
      "symbol": "GIGA-USDT",
      "takerOrderId": "675195c3ecb8b200076ec6b5",
      "time": "1733400003866000000",
      "tradeId": "6014133822437396",
      "type": "match",
      "time_received": "12:00:03.9184"
    },
    {
      "makerOrderId": "675195c12e6b3a0007003da8",
      "price": "0.05989",
      "sequence": "6014133822437399",
      "side": "buy",
      "size": "100",
      "symbol": "GIGA-USDT",
      "takerOrderId": "675195c3ecb8b200076ec6b5",
      "time": "1733400003866000000",
      "tradeId": "6014133822437399",
      "type": "match",
      "time_received": "12:00:03.9185"
    },
    {
      "makerOrderId": "675195c141bdfd00075f9cc5",
      "price": "0.05993",
      "sequence": "6014133822437402",
      "side": "buy",
      "size": "100",
      "symbol": "GIGA-USDT",
      "takerOrderId": "675195c3ecb8b200076ec6b5",
      "time": "1733400003866000000",
      "tradeId": "6014133822437402",
      "type": "match",
      "time_received": "12:00:03.9185"
    },
    {
      "makerOrderId": "675195c1fd061e0007604dcb",
      "price": "0.05997",
      "sequence": "6014133822437405",
      "side": "buy",
      "size": "100",
      "symbol": "GIGA-USDT",
      "takerOrderId": "675195c3ecb8b200076ec6b5",
      "time": "1733400003866000000",
      "tradeId": "6014133822437405",
      "type": "match",
      "time_received": "12:00:03.9187"
    },
    {
      "makerOrderId": "675195c1a398ab0007579f7e",
      "price": "0.06001",
      "sequence": "6014133822437408",
      "side": "buy",
      "size": "100",
      "symbol": "GIGA-USDT",
      "takerOrderId": "675195c3ecb8b200076ec6b5",
      "time": "1733400003866000000",
      "tradeId": "6014133822437408",
      "type": "match",
      "time_received": "12:00:03.9187"
    },
    {
      "makerOrderId": "675195c1fe36bf0007e5494f",
      "price": "0.06005",
      "sequence": "6014133822437411",
      "side": "buy",
      "size": "100",
      "symbol": "GIGA-USDT",
      "takerOrderId": "675195c3ecb8b200076ec6b5",
      "time": "1733400003866000000",
      "tradeId": "6014133822437411",
      "type": "match",
      "time_received": "12:00:03.9190"
    },
    {
      "makerOrderId": "675195c1fd80ce0007422a18",
      "price": "0.06009",
      "sequence": "6014133822437414",
      "side": "buy",
      "size": "14.1",
      "symbol": "GIGA-USDT",
      "takerOrderId": "675195c3ecb8b200076ec6b5",
      "time": "1733400003866000000",
      "tradeId": "6014133822437414",
      "type": "match",
      "time_received": "12:00:03.9190"
    },
    {
      "makerOrderId": "675195c1fd80ce0007422a18",
      "price": "0.06009",
      "sequence": "6014134055090193",
      "side": "buy",
      "size": "85.9",
      "symbol": "GIGA-USDT",
      "takerOrderId": "675195c41ed0d80007b66377",
      "time": "1733400004329000000",
      "tradeId": "6014134055090193",
      "type": "match",
      "time_received": "12:00:04.3853"
    },
    {
      "makerOrderId": "675195c1fe36bf0007e5498f",
      "price": "0.06012",
      "sequence": "6014134055090196",
      "side": "buy",
      "size": "100",
      "symbol": "GIGA-USDT",
      "takerOrderId": "675195c41ed0d80007b66377",
      "time": "1733400004329000000",
      "tradeId": "6014134055090196",
      "type": "match",
      "time_received": "12:00:04.3856"
    },
    {
      "makerOrderId": "675195c18338b9000704cda3",
      "price": "0.06016",
      "sequence": "6014134055090199",
      "side": "buy",
      "size": "100",
      "symbol": "GIGA-USDT",
      "takerOrderId": "675195c41ed0d80007b66377",
      "time": "1733400004329000000",
      "tradeId": "6014134055090199",
      "type": "match",
      "time_received": "12:00:04.3857"
    },
    {
      "makerOrderId": "675195c1fe36bf0007e54997",
      "price": "0.0602",
      "sequence": "6014134055090202",
      "side": "buy",
      "size": "100",
      "symbol": "GIGA-USDT",
      "takerOrderId": "675195c41ed0d80007b66377",
      "time": "1733400004329000000",
      "tradeId": "6014134055090202",
      "type": "match",
      "time_received": "12:00:04.3857"
    },
    {
      "makerOrderId": "675195c1fe36bf0007e5499c",
      "price": "0.06024",
      "sequence": "6014134055090205",
      "side": "buy",
      "size": "100",
      "symbol": "GIGA-USDT",
      "takerOrderId": "675195c41ed0d80007b66377",
      "time": "1733400004329000000",
      "tradeId": "6014134055090205",
      "type": "match",
      "time_received": "12:00:04.3858"
    },
    {
      "makerOrderId": "675195c17cf7ff000762d567",
      "price": "0.06028",
      "sequence": "6014134055090208",
      "side": "buy",
      "size": "100",
      "symbol": "GIGA-USDT",
      "takerOrderId": "675195c41ed0d80007b66377",
      "time": "1733400004329000000",
      "tradeId": "6014134055090208",
      "type": "match",
      "time_received": "12:00:04.3861"
    },
    {
      "makerOrderId": "675195c1ff2a9e0007d3312d",
      "price": "0.06032",
      "sequence": "6014134055090211",
      "side": "buy",
      "size": "100",
      "symbol": "GIGA-USDT",
      "takerOrderId": "675195c41ed0d80007b66377",
      "time": "1733400004329000000",
      "tradeId": "6014134055090211",
      "type": "match",
      "time_received": "12:00:04.3862"
    },
    {
      "makerOrderId": "675195c1aef36e000769efa9",
      "price": "0.06036",
      "sequence": "6014134055090214",
      "side": "buy",
      "size": "100",
      "symbol": "GIGA-USDT",
      "takerOrderId": "675195c41ed0d80007b66377",
      "time": "1733400004329000000",
      "tradeId": "6014134055090214",
      "type": "match",
      "time_received": "12:00:04.3862"
    },
    {
      "makerOrderId": "675195c13ecf43000723a7b0",
      "price": "0.0604",
      "sequence": "6014134055090217",
      "side": "buy",
      "size": "100",
      "symbol": "GIGA-USDT",
      "takerOrderId": "675195c41ed0d80007b66377",
      "time": "1733400004329000000",
      "tradeId": "6014134055090217",
      "type": "match",
      "time_received": "12:00:04.3864"
    },
    {
      "makerOrderId": "675195c141bdfd00075f9d76",
      "price": "0.06044",
      "sequence": "6014134055090220",
      "side": "buy",
      "size": "100",
      "symbol": "GIGA-USDT",
      "takerOrderId": "675195c41ed0d80007b66377",
      "time": "1733400004329000000",
      "tradeId": "6014134055090220",
      "type": "match",
      "time_received": "12:00:04.3864"
    },
    {
      "makerOrderId": "675195c19574f30007cf5115",
      "price": "0.06048",
      "sequence": "6014134055090223",
      "side": "buy",
      "size": "100",
      "symbol": "GIGA-USDT",
      "takerOrderId": "675195c41ed0d80007b66377",
      "time": "1733400004329000000",
      "tradeId": "6014134055090223",
      "type": "match",
      "time_received": "12:00:04.3873"
    },
    {
      "makerOrderId": "675195c11ed0d80007b6499f",
      "price": "0.06051",
      "sequence": "6014134055090226",
      "side": "buy",
      "size": "100",
      "symbol": "GIGA-USDT",
      "takerOrderId": "675195c41ed0d80007b66377",
      "time": "1733400004329000000",
      "tradeId": "6014134055090226",
      "type": "match",
      "time_received": "12:00:04.3873"
    },
    {
      "makerOrderId": "675195c11ed0d80007b649ab",
      "price": "0.06055",
      "sequence": "6014134055090229",
      "side": "buy",
      "size": "100",
      "symbol": "GIGA-USDT",
      "takerOrderId": "675195c41ed0d80007b66377",
      "time": "1733400004329000000",
      "tradeId": "6014134055090229",
      "type": "match",
      "time_received": "12:00:04.3874"
    },
    {
      "makerOrderId": "675195c1aef36e000769efe5",
      "price": "0.06059",
      "sequence": "6014134055090232",
      "side": "buy",
      "size": "100",
      "symbol": "GIGA-USDT",
      "takerOrderId": "675195c41ed0d80007b66377",
      "time": "1733400004329000000",
      "tradeId": "6014134055090232",
      "type": "match",
      "time_received": "12:00:04.3874"
    },
    {
      "makerOrderId": "675195c1a398ab000757a0d7",
      "price": "0.06063",
      "sequence": "6014134055090235",
      "side": "buy",
      "size": "100",
      "symbol": "GIGA-USDT",
      "takerOrderId": "675195c41ed0d80007b66377",
      "time": "1733400004329000000",
      "tradeId": "6014134055090235",
      "type": "match",
      "time_received": "12:00:04.3875"
    },
    {
      "makerOrderId": "675195c1fd061e0007604ed1",
      "price": "0.06067",
      "sequence": "6014134055090238",
      "side": "buy",
      "size": "100",
      "symbol": "GIGA-USDT",
      "takerOrderId": "675195c41ed0d80007b66377",
      "time": "1733400004329000000",
      "tradeId": "6014134055090238",
      "type": "match",
      "time_received": "12:00:04.3875"
    },
    {
      "makerOrderId": "675195c1ecb8b200076eb240",
      "price": "0.06071",
      "sequence": "6014134055090241",
      "side": "buy",
      "size": "100",
      "symbol": "GIGA-USDT",
      "takerOrderId": "675195c41ed0d80007b66377",
      "time": "1733400004329000000",
      "tradeId": "6014134055090241",
      "type": "match",
      "time_received": "12:00:04.3875"
    },
    {
      "makerOrderId": "675195c1e775000007d91e0a",
      "price": "0.06075",
      "sequence": "6014134055090244",
      "side": "buy",
      "size": "100",
      "symbol": "GIGA-USDT",
      "takerOrderId": "675195c41ed0d80007b66377",
      "time": "1733400004329000000",
      "tradeId": "6014134055090244",
      "type": "match",
      "time_received": "12:00:04.3876"
    },
    {
      "makerOrderId": "675195c1716ab30007b1887d",
      "price": "0.06079",
      "sequence": "6014134055090247",
      "side": "buy",
      "size": "100",
      "symbol": "GIGA-USDT",
      "takerOrderId": "675195c41ed0d80007b66377",
      "time": "1733400004329000000",
      "tradeId": "6014134055090247",
      "type": "match",
      "time_received": "12:00:04.3876"
    },
    {
      "makerOrderId": "675195c11ed0d80007b649ea",
      "price": "0.06083",
      "sequence": "6014134055090250",
      "side": "buy",
      "size": "100",
      "symbol": "GIGA-USDT",
      "takerOrderId": "675195c41ed0d80007b66377",
      "time": "1733400004329000000",
      "tradeId": "6014134055090250",
      "type": "match",
      "time_received": "12:00:04.3877"
    },
    {
      "makerOrderId": "675195c12e6b3a0007003f07",
      "price": "0.06087",
      "sequence": "6014134055090253",
      "side": "buy",
      "size": "100",
      "symbol": "GIGA-USDT",
      "takerOrderId": "675195c41ed0d80007b66377",
      "time": "1733400004329000000",
      "tradeId": "6014134055090253",
      "type": "match",
      "time_received": "12:00:04.3877"
    },
    {
      "makerOrderId": "675195c1ecb8b200076eb27a",
      "price": "0.0609",
      "sequence": "6014134055090256",
      "side": "buy",
      "size": "100",
      "symbol": "GIGA-USDT",
      "takerOrderId": "675195c41ed0d80007b66377",
      "time": "1733400004329000000",
      "tradeId": "6014134055090256",
      "type": "match",
      "time_received": "12:00:04.3878"
    },
    {
      "makerOrderId": "675195c11e1c9e0007129232",
      "price": "0.06094",
      "sequence": "6014134055090259",
      "side": "buy",
      "size": "100",
      "symbol": "GIGA-USDT",
      "takerOrderId": "675195c41ed0d80007b66377",
      "time": "1733400004329000000",
      "tradeId": "6014134055090259",
      "type": "match",
      "time_received": "12:00:04.3878"
    },
    {
      "makerOrderId": "675195c13ecf43000723a877",
      "price": "0.06098",
      "sequence": "6014134055090262",
      "side": "buy",
      "size": "100",
      "symbol": "GIGA-USDT",
      "takerOrderId": "675195c41ed0d80007b66377",
      "time": "1733400004329000000",
      "tradeId": "6014134055090262",
      "type": "match",
      "time_received": "12:00:04.3879"
    },
    {
      "makerOrderId": "675195c17cf7ff000762d63f",
      "price": "0.06102",
      "sequence": "6014134055090265",
      "side": "buy",
      "size": "100",
      "symbol": "GIGA-USDT",
      "takerOrderId": "675195c41ed0d80007b66377",
      "time": "1733400004329000000",
      "tradeId": "6014134055090265",
      "type": "match",
      "time_received": "12:00:04.3879"
    },
    {
      "makerOrderId": "675195c1b1d2ab00074b4a3c",
      "price": "0.06106",
      "sequence": "6014134055090268",
      "side": "buy",
      "size": "100",
      "symbol": "GIGA-USDT",
      "takerOrderId": "675195c41ed0d80007b66377",
      "time": "1733400004329000000",
      "tradeId": "6014134055090268",
      "type": "match",
      "time_received": "12:00:04.3879"
    },
    {
      "makerOrderId": "675195c1b1d2ab00074b4a42",
      "price": "0.0611",
      "sequence": "6014134055090271",
      "side": "buy",
      "size": "100",
      "symbol": "GIGA-USDT",
      "takerOrderId": "675195c41ed0d80007b66377",
      "time": "1733400004329000000",
      "tradeId": "6014134055090271",
      "type": "match",
      "time_received": "12:00:04.3880"
    },
    {
      "makerOrderId": "675195c1a398ab000757a1b1",
      "price": "0.06114",
      "sequence": "6014134055090274",
      "side": "buy",
      "size": "100",
      "symbol": "GIGA-USDT",
      "takerOrderId": "675195c41ed0d80007b66377",
      "time": "1733400004329000000",
      "tradeId": "6014134055090274",
      "type": "match",
      "time_received": "12:00:04.3880"
    },
    {
      "makerOrderId": "675195c11e1c9e0007129287",
      "price": "0.06118",
      "sequence": "6014134055090277",
      "side": "buy",
      "size": "100",
      "symbol": "GIGA-USDT",
      "takerOrderId": "675195c41ed0d80007b66377",
      "time": "1733400004329000000",
      "tradeId": "6014134055090277",
      "type": "match",
      "time_received": "12:00:04.3881"
    },
    {
      "makerOrderId": "675195c22e6b3a0007003f72",
      "price": "0.06122",
      "sequence": "6014134055090280",
      "side": "buy",
      "size": "100",
      "symbol": "GIGA-USDT",
      "takerOrderId": "675195c41ed0d80007b66377",
      "time": "1733400004329000000",
      "tradeId": "6014134055090280",
      "type": "match",
      "time_received": "12:00:04.3881"
    },
    {
      "makerOrderId": "675195c2fd80ce0007422bfa",
      "price": "0.06126",
      "sequence": "6014134055090283",
      "side": "buy",
      "size": "100",
      "symbol": "GIGA-USDT",
      "takerOrderId": "675195c41ed0d80007b66377",
      "time": "1733400004329000000",
      "tradeId": "6014134055090283",
      "type": "match",
      "time_received": "12:00:04.3882"
    },
    {
      "makerOrderId": "675195c2716ab30007b189a5",
      "price": "0.06129",
      "sequence": "6014134055090286",
      "side": "buy",
      "size": "100",
      "symbol": "GIGA-USDT",
      "takerOrderId": "675195c41ed0d80007b66377",
      "time": "1733400004329000000",
      "tradeId": "6014134055090286",
      "type": "match",
      "time_received": "12:00:04.3882"
    },
    {
      "makerOrderId": "675195c29574f30007cf52ac",
      "price": "0.06133",
      "sequence": "6014134055090289",
      "side": "buy",
      "size": "100",
      "symbol": "GIGA-USDT",
      "takerOrderId": "675195c41ed0d80007b66377",
      "time": "1733400004329000000",
      "tradeId": "6014134055090289",
      "type": "match",
      "time_received": "12:00:04.3886"
    },
    {
      "makerOrderId": "675195c23bb37e000736cb4d",
      "price": "0.06137",
      "sequence": "6014134055090292",
      "side": "buy",
      "size": "100",
      "symbol": "GIGA-USDT",
      "takerOrderId": "675195c41ed0d80007b66377",
      "time": "1733400004329000000",
      "tradeId": "6014134055090292",
      "type": "match",
      "time_received": "12:00:04.3887"
    },
    {
      "makerOrderId": "675195c29574f30007cf52c1",
      "price": "0.06141",
      "sequence": "6014134055090295",
      "side": "buy",
      "size": "100",
      "symbol": "GIGA-USDT",
      "takerOrderId": "675195c41ed0d80007b66377",
      "time": "1733400004329000000",
      "tradeId": "6014134055090295",
      "type": "match",
      "time_received": "12:00:04.3887"
    },
    {
      "makerOrderId": "675195c2aef36e000769f1b0",
      "price": "0.06145",
      "sequence": "6014134055090298",
      "side": "buy",
      "size": "100",
      "symbol": "GIGA-USDT",
      "takerOrderId": "675195c41ed0d80007b66377",
      "time": "1733400004329000000",
      "tradeId": "6014134055090298",
      "type": "match",
      "time_received": "12:00:04.3888"
    },
    {
      "makerOrderId": "675195c2ecb8b200076eb3e3",
      "price": "0.06149",
      "sequence": "6014134055090301",
      "side": "buy",
      "size": "100",
      "symbol": "GIGA-USDT",
      "takerOrderId": "675195c41ed0d80007b66377",
      "time": "1733400004329000000",
      "tradeId": "6014134055090301",
      "type": "match",
      "time_received": "12:00:04.3888"
    },
    {
      "makerOrderId": "675195c22e6b3a0007004079",
      "price": "0.06153",
      "sequence": "6014134055090304",
      "side": "buy",
      "size": "100",
      "symbol": "GIGA-USDT",
      "takerOrderId": "675195c41ed0d80007b66377",
      "time": "1733400004329000000",
      "tradeId": "6014134055090304",
      "type": "match",
      "time_received": "12:00:04.3888"
    },
    {
      "makerOrderId": "675195c28338b9000704cf27",
      "price": "0.0621",
      "sequence": "6014134055090307",
      "side": "buy",
      "size": "4148",
      "symbol": "GIGA-USDT",
      "takerOrderId": "675195c41ed0d80007b66377",
      "time": "1733400004329000000",
      "tradeId": "6014134055090307",
      "type": "match",
      "time_received": "12:00:04.3889"
    },
    {
      "makerOrderId": "675195c47cf7ff000762ef1f",
      "price": "0.0598",
      "sequence": "6014134102145039",
      "side": "buy",
      "size": "249.8",
      "symbol": "GIGA-USDT",
      "takerOrderId": "675195c4aef36e00076a09c7",
      "time": "1733400004444000000",
      "tradeId": "6014134102145039",
      "type": "match",
      "time_received": "12:00:04.4968"
    },
    {
      "makerOrderId": "675195c6ff2a9e0007d35eeb",
      "price": "0.0586",
      "sequence": "6014135151638529",
      "side": "buy",
      "size": "1482.6",
      "symbol": "GIGA-USDT",
      "takerOrderId": "675195c63bb37e000736f84d",
      "time": "1733400006511000000",
      "tradeId": "6014135151638529",
      "type": "match",
      "time_received": "12:00:06.5627"
    },
    {
      "makerOrderId": "675195c6ff2a9e0007d35eeb",
      "price": "0.0586",
      "sequence": "6014135799527425",
      "side": "buy",
      "size": "170.5",
      "symbol": "GIGA-USDT",
      "takerOrderId": "675195c77cf7ff0007630e69",
      "time": "1733400007866000000",
      "tradeId": "6014135799527425",
      "type": "match",
      "time_received": "12:00:07.9168"
    },
    {
      "makerOrderId": "675195c6ff2a9e0007d35eeb",
      "price": "0.0586",
      "sequence": "6014137149700097",
      "side": "buy",
      "size": "143",
      "symbol": "GIGA-USDT",
      "takerOrderId": "675195c99574f30007cfa301",
      "time": "1733400009983000000",
      "tradeId": "6014137149700097",
      "type": "match",
      "time_received": "12:00:10.0345"
    },
    {
      "makerOrderId": "675195cafd061e000760a493",
      "price": "0.05703",
      "sequence": "6014137746208769",
      "side": "buy",
      "size": "3506.9",
      "symbol": "GIGA-USDT",
      "takerOrderId": "675195cab1d2ab00074ba660",
      "time": "1733400010809000000",
      "tradeId": "6014137746208769",
      "type": "match",
      "time_received": "12:00:10.8611"
    },
    {
      "makerOrderId": "675195cafd061e000760a493",
      "price": "0.05703",
      "sequence": "6014138013202433",
      "side": "buy",
      "size": "24.5",
      "symbol": "GIGA-USDT",
      "takerOrderId": "675195cbff2a9e0007d3944a",
      "time": "1733400011172000000",
      "tradeId": "6014138013202433",
      "type": "match",
      "time_received": "12:00:11.2236"
    },
    {
      "makerOrderId": "675195cafd061e000760a493",
      "price": "0.05703",
      "sequence": "6014138434729985",
      "side": "buy",
      "size": "459.8",
      "symbol": "GIGA-USDT",
      "takerOrderId": "675195cb41bdfd00076006e3",
      "time": "1733400011981000000",
      "tradeId": "6014138434729985",
      "type": "match",
      "time_received": "12:00:12.0345"
    },
    {
      "makerOrderId": "675195cafd061e000760a493",
      "price": "0.05703",
      "sequence": "6014139210676225",
      "side": "buy",
      "size": "121.2",
      "symbol": "GIGA-USDT",
      "takerOrderId": "675195cd9574f30007cfc8ce",
      "time": "1733400013364000000",
      "tradeId": "6014139210676225",
      "type": "match",
      "time_received": "12:00:13.4141"
    },
    {
      "makerOrderId": "675195cafd061e000760a493",
      "price": "0.05703",
      "sequence": "6014139572959233",
      "side": "buy",
      "size": "209.3",
      "symbol": "GIGA-USDT",
      "takerOrderId": "675195ce3bb37e00073746ef",
      "time": "1733400014039000000",
      "tradeId": "6014139572959233",
      "type": "match",
      "time_received": "12:00:14.0872"
    },
    {
      "makerOrderId": "675195cafd061e000760a493",
      "price": "0.05703",
      "sequence": "6014139871410177",
      "side": "buy",
      "size": "6721",
      "symbol": "GIGA-USDT",
      "takerOrderId": "675195ce41bdfd0007602089",
      "time": "1733400014458000000",
      "tradeId": "6014139871410177",
      "type": "match",
      "time_received": "12:00:14.5047"
    },
    {
      "makerOrderId": "675195cafd061e000760a493",
      "price": "0.05703",
      "sequence": "6014141471275009",
      "side": "buy",
      "size": "21.8",
      "symbol": "GIGA-USDT",
      "takerOrderId": "675195d18338b90007056b83",
      "time": "1733400017405000000",
      "tradeId": "6014141471275009",
      "type": "match",
      "time_received": "12:00:17.4556"
    },
    {
      "makerOrderId": "675195cafd061e000760a493",
      "price": "0.05703",
      "sequence": "6014142219040769",
      "side": "buy",
      "size": "161.3",
      "symbol": "GIGA-USDT",
      "takerOrderId": "675195d27cf7ff0007637fd5",
      "time": "1733400018857000000",
      "tradeId": "6014142219040769",
      "type": "match",
      "time_received": "12:00:18.9088"
    },
    {
      "makerOrderId": "675195c39574f30007cf6078",
      "price": "0.057",
      "sequence": "6014142423775233",
      "side": "sell",
      "size": "185.4",
      "symbol": "GIGA-USDT",
      "takerOrderId": "675195d31e1c9e000713407b",
      "time": "1733400019282000000",
      "tradeId": "6014142423775233",
      "type": "match",
      "time_received": "12:00:19.3305"
    },
    {
      "makerOrderId": "675195d31e1c9e000713407b",
      "price": "0.057",
      "sequence": "6014142492850177",
      "side": "buy",
      "size": "853.2",
      "symbol": "GIGA-USDT",
      "takerOrderId": "675195d3716ab30007b238a1",
      "time": "1733400019383000000",
      "tradeId": "6014142492850177",
      "type": "match",
      "time_received": "12:00:19.4322"
    },
    {
      "makerOrderId": "675195d31e1c9e000713407b",
      "price": "0.057",
      "sequence": "6014142543837185",
      "side": "buy",
      "size": "311.4",
      "symbol": "GIGA-USDT",
      "takerOrderId": "675195d3716ab30007b23a1e",
      "time": "1733400019506000000",
      "tradeId": "6014142543837185",
      "type": "match",
      "time_received": "12:00:19.5576"
    },
    {
      "makerOrderId": "675195d3e775000007d9d107",
      "price": "0.05641",
      "sequence": "6014144632338433",
      "side": "buy",
      "size": "883.7",
      "symbol": "GIGA-USDT",
      "takerOrderId": "675195d7a398ab0007587dbc",
      "time": "1733400023877000000",
      "tradeId": "6014144632338433",
      "type": "match",
      "time_received": "12:00:23.9293"
    },
    {
      "makerOrderId": "675195d3e775000007d9d107",
      "price": "0.05641",
      "sequence": "6014145417852929",
      "side": "buy",
      "size": "176.7",
      "symbol": "GIGA-USDT",
      "takerOrderId": "675195d9f5179000079d30e4",
      "time": "1733400025392000000",
      "tradeId": "6014145417852929",
      "type": "match",
      "time_received": "12:00:25.4451"
    },
    {
      "makerOrderId": "675195d3e775000007d9d107",
      "price": "0.05641",
      "sequence": "6014145839118337",
      "side": "buy",
      "size": "176.8",
      "symbol": "GIGA-USDT",
      "takerOrderId": "675195dafe36bf0007e63de3",
      "time": "1733400026224000000",
      "tradeId": "6014145839118337",
      "type": "match",
      "time_received": "12:00:26.2710"
    },
    {
      "makerOrderId": "675195d3e775000007d9d107",
      "price": "0.05641",
      "sequence": "6014148952733697",
      "side": "buy",
      "size": "538.3",
      "symbol": "GIGA-USDT",
      "takerOrderId": "675195e0ecb8b200076fdbde",
      "time": "1733400032967000000",
      "tradeId": "6014148952733697",
      "type": "match",
      "time_received": "12:00:33.0222"
    },
    {
      "makerOrderId": "675195d3fe36bf0007e5fdd4",
      "price": "0.0565",
      "sequence": "6014148952733700",
      "side": "buy",
      "size": "7102.1",
      "symbol": "GIGA-USDT",
      "takerOrderId": "675195e0ecb8b200076fdbde",
      "time": "1733400032967000000",
      "tradeId": "6014148952733700",
      "type": "match",
      "time_received": "12:00:33.0223"
    },
    {
      "makerOrderId": "675195d3b1d2ab00074bfb64",
      "price": "0.05666",
      "sequence": "6014148952733703",
      "side": "buy",
      "size": "28408.5",
      "symbol": "GIGA-USDT",
      "takerOrderId": "675195e0ecb8b200076fdbde",
      "time": "1733400032967000000",
      "tradeId": "6014148952733703",
      "type": "match",
      "time_received": "12:00:33.0223"
    },
    {
      "makerOrderId": "675195d441bdfd0007605753",
      "price": "0.057",
      "sequence": "6014148952733706",
      "side": "buy",
      "size": "21411.8",
      "symbol": "GIGA-USDT",
      "takerOrderId": "675195e0ecb8b200076fdbde",
      "time": "1733400032967000000",
      "tradeId": "6014148952733706",
      "type": "match",
      "time_received": "12:00:33.0223"
    },
    {
      "makerOrderId": "675195e1ff2a9e0007d46157",
      "price": "0.0564",
      "sequence": "6014151005714433",
      "side": "buy",
      "size": "1775.9",
      "symbol": "GIGA-USDT",
      "takerOrderId": "675195e53ecf43000724f441",
      "time": "1733400037713000000",
      "tradeId": "6014151005714433",
      "type": "match",
      "time_received": "12:00:37.7642"
    },
    {
      "makerOrderId": "675195e43ecf43000724eba9",
      "price": "0.0564",
      "sequence": "6014151005714436",
      "side": "buy",
      "size": "1678.3",
      "symbol": "GIGA-USDT",
      "takerOrderId": "675195e53ecf43000724f441",
      "time": "1733400037713000000",
      "tradeId": "6014151005714436",
      "type": "match",
      "time_received": "12:00:37.7644"
    },
    {
      "makerOrderId": "675195e43ecf43000724eba9",
      "price": "0.0564",
      "sequence": "6014151308621825",
      "side": "buy",
      "size": "1216.6",
      "symbol": "GIGA-USDT",
      "takerOrderId": "675195e6fe36bf0007e69c6a",
      "time": "1733400038530000000",
      "tradeId": "6014151308621825",
      "type": "match",
      "time_received": "12:00:38.5830"
    },
    {
      "makerOrderId": "675195e7b1d2ab00074ca2d3",
      "price": "0.0555",
      "sequence": "6014151816787969",
      "side": "sell",
      "size": "176.7",
      "symbol": "GIGA-USDT",
      "takerOrderId": "675195e73ecf43000725036b",
      "time": "1733400039856000000",
      "tradeId": "6014151816787969",
      "type": "match",
      "time_received": "12:00:39.9062"
    },
    {
      "makerOrderId": "675195e43ecf43000724eba9",
      "price": "0.0564",
      "sequence": "6014152043673601",
      "side": "buy",
      "size": "391",
      "symbol": "GIGA-USDT",
      "takerOrderId": "675195e8a398ab000758fe12",
      "time": "1733400040381000000",
      "tradeId": "6014152043673601",
      "type": "match",
      "time_received": "12:00:40.4333"
    },
    {
      "makerOrderId": "675195e43ecf43000724eba9",
      "price": "0.0564",
      "sequence": "6014154054580225",
      "side": "buy",
      "size": "1154.8",
      "symbol": "GIGA-USDT",
      "takerOrderId": "675195edaef36e00076b713e",
      "time": "1733400045600000000",
      "tradeId": "6014154054580225",
      "type": "match",
      "time_received": "12:00:45.6490"
    },
    {
      "makerOrderId": "675195ef2e6b3a000701cce3",
      "price": "0.05636",
      "sequence": "6014155207882753",
      "side": "buy",
      "size": "974.6",
      "symbol": "GIGA-USDT",
      "takerOrderId": "675195f0ecb8b20007704912",
      "time": "1733400048613000000",
      "tradeId": "6014155207882753",
      "type": "match",
      "time_received": "12:00:48.6640"
    },
    {
      "makerOrderId": "675195ef2e6b3a000701cce3",
      "price": "0.05636",
      "sequence": "6014157546076161",
      "side": "buy",
      "size": "945.1",
      "symbol": "GIGA-USDT",
      "takerOrderId": "675195f6ecb8b200077072c4",
      "time": "1733400054093000000",
      "tradeId": "6014157546076161",
      "type": "match",
      "time_received": "12:00:54.1424"
    },
    {
      "makerOrderId": "675195ef2e6b3a000701cce3",
      "price": "0.05636",
      "sequence": "6014157638219777",
      "side": "buy",
      "size": "156.8",
      "symbol": "GIGA-USDT",
      "takerOrderId": "675195f61ed0d80007b80bd5",
      "time": "1733400054318000000",
      "tradeId": "6014157638219777",
      "type": "match",
      "time_received": "12:00:54.3660"
    },
    {
      "makerOrderId": "675195ef2e6b3a000701cce3",
      "price": "0.05636",
      "sequence": "6014157646739457",
      "side": "buy",
      "size": "156.8",
      "symbol": "GIGA-USDT",
      "takerOrderId": "675195f6a398ab0007595fef",
      "time": "1733400054343000000",
      "tradeId": "6014157646739457",
      "type": "match",
      "time_received": "12:00:54.3892"
    },
    {
      "makerOrderId": "675195ef2e6b3a000701cce3",
      "price": "0.05636",
      "sequence": "6014157647656961",
      "side": "buy",
      "size": "156.8",
      "symbol": "GIGA-USDT",
      "takerOrderId": "675195f6aef36e00076bb05c",
      "time": "1733400054344000000",
      "tradeId": "6014157647656961",
      "type": "match",
      "time_received": "12:00:54.3941"
    },
    {
      "makerOrderId": "675195ef2e6b3a000701cce3",
      "price": "0.05636",
      "sequence": "6014157652506625",
      "side": "buy",
      "size": "156.8",
      "symbol": "GIGA-USDT",
      "takerOrderId": "675195f6a398ab0007596009",
      "time": "1733400054359000000",
      "tradeId": "6014157652506625",
      "type": "match",
      "time_received": "12:00:54.4065"
    },
    {
      "makerOrderId": "675195ef2e6b3a000701cce3",
      "price": "0.05636",
      "sequence": "6014157652637697",
      "side": "buy",
      "size": "156.8",
      "symbol": "GIGA-USDT",
      "takerOrderId": "675195f6ff2a9e0007d4f225",
      "time": "1733400054359000000",
      "tradeId": "6014157652637697",
      "type": "match",
      "time_received": "12:00:54.4066"
    },
    {
      "makerOrderId": "675195ef2e6b3a000701cce3",
      "price": "0.05636",
      "sequence": "6014157653424129",
      "side": "buy",
      "size": "418.1",
      "symbol": "GIGA-USDT",
      "takerOrderId": "675195f69574f30007d1109f",
      "time": "1733400054361000000",
      "tradeId": "6014157653424129",
      "type": "match",
      "time_received": "12:00:54.4162"
    },
    {
      "makerOrderId": "675195ef2e6b3a000701cce3",
      "price": "0.05636",
      "sequence": "6014157654079489",
      "side": "buy",
      "size": "156.8",
      "symbol": "GIGA-USDT",
      "takerOrderId": "675195f6f5179000079e0596",
      "time": "1733400054362000000",
      "tradeId": "6014157654079489",
      "type": "match",
      "time_received": "12:00:54.4163"
    },
    {
      "makerOrderId": "675195ef2e6b3a000701cce3",
      "price": "0.05636",
      "sequence": "6014157654472705",
      "side": "buy",
      "size": "104.5",
      "symbol": "GIGA-USDT",
      "takerOrderId": "675195f6aef36e00076bb07a",
      "time": "1733400054364000000",
      "tradeId": "6014157654472705",
      "type": "match",
      "time_received": "12:00:54.4163"
    },
    {
      "makerOrderId": "675195ef2e6b3a000701cce3",
      "price": "0.05636",
      "sequence": "6014158865971201",
      "side": "buy",
      "size": "12189.9",
      "symbol": "GIGA-USDT",
      "takerOrderId": "675195f9716ab30007b35cf8",
      "time": "1733400057054000000",
      "tradeId": "6014158865971201",
      "type": "match",
      "time_received": "12:00:57.1043"
    },
    {
      "makerOrderId": "675195ef2e6b3a000701cce3",
      "price": "0.05636",
      "sequence": "6014159403104257",
      "side": "buy",
      "size": "331.9",
      "symbol": "GIGA-USDT",
      "takerOrderId": "675195fa1e1c9e000714710a",
      "time": "1733400058287000000",
      "tradeId": "6014159403104257",
      "type": "match",
      "time_received": "12:00:58.3335"
    },
    {
      "makerOrderId": "675195ef2e6b3a000701cce3",
      "price": "0.05636",
      "sequence": "6014159572449281",
      "side": "buy",
      "size": "2055.1",
      "symbol": "GIGA-USDT",
      "takerOrderId": "675195fafd80ce0007440ac8",
      "time": "1733400058636000000",
      "tradeId": "6014159572449281",
      "type": "match",
      "time_received": "12:00:58.6835"
    },
    {
      "makerOrderId": "675195fc1e1c9e0007148369",
      "price": "0.05574",
      "sequence": "6014160567810049",
      "side": "sell",
      "size": "3047.7",
      "symbol": "GIGA-USDT",
      "takerOrderId": "675195fde775000007db0f5d",
      "time": "1733400061049000000",
      "tradeId": "6014160567810049",
      "type": "match",
      "time_received": "12:01:01.0958"
    },
    {
      "makerOrderId": "675195ef2e6b3a000701cce3",
      "price": "0.05636",
      "sequence": "6014162175801345",
      "side": "buy",
      "size": "7739.8",
      "symbol": "GIGA-USDT",
      "takerOrderId": "675196007cf7ff000764e32c",
      "time": "1733400064458000000",
      "tradeId": "6014162175801345",
      "type": "match",
      "time_received": "12:01:04.5078"
    },
    {
      "makerOrderId": "675195f2fd80ce000743c997",
      "price": "0.05649",
      "sequence": "6014162175801348",
      "side": "buy",
      "size": "1109.7",
      "symbol": "GIGA-USDT",
      "takerOrderId": "675196007cf7ff000764e32c",
      "time": "1733400064458000000",
      "tradeId": "6014162175801348",
      "type": "match",
      "time_received": "12:01:04.5079"
    },
    {
      "makerOrderId": "675195f2fd80ce000743c997",
      "price": "0.05649",
      "sequence": "6014164051441665",
      "side": "buy",
      "size": "663.1",
      "symbol": "GIGA-USDT",
      "takerOrderId": "67519604fe36bf0007e77bab",
      "time": "1733400068216000000",
      "tradeId": "6014164051441665",
      "type": "match",
      "time_received": "12:01:08.2681"
    },
    {
      "makerOrderId": "675195eefd80ce000743b25b",
      "price": "0.0566",
      "sequence": "6014164051441668",
      "side": "buy",
      "size": "7089.5",
      "symbol": "GIGA-USDT",
      "takerOrderId": "67519604fe36bf0007e77bab",
      "time": "1733400068216000000",
      "tradeId": "6014164051441668",
      "type": "match",
      "time_received": "12:01:08.2682"
    },
    {
      "makerOrderId": "675195fd9574f30007d14649",
      "price": "0.05671",
      "sequence": "6014164051441671",
      "side": "buy",
      "size": "42.4",
      "symbol": "GIGA-USDT",
      "takerOrderId": "67519604fe36bf0007e77bab",
      "time": "1733400068216000000",
      "tradeId": "6014164051441671",
      "type": "match",
      "time_received": "12:01:08.2682"
    },
    {
      "makerOrderId": "675195ebb1d2ab00074cba32",
      "price": "0.05672",
      "sequence": "6014164051441674",
      "side": "buy",
      "size": "20431.4",
      "symbol": "GIGA-USDT",
      "takerOrderId": "67519604fe36bf0007e77bab",
      "time": "1733400068216000000",
      "tradeId": "6014164051441674",
      "type": "match",
      "time_received": "12:01:08.2686"
    },
    {
      "makerOrderId": "67519605716ab30007b3bd6d",
      "price": "0.05649",
      "sequence": "6014164903540737",
      "side": "buy",
      "size": "1568.8",
      "symbol": "GIGA-USDT",
      "takerOrderId": "675196059574f30007d18b79",
      "time": "1733400069966000000",
      "tradeId": "6014164903540737",
      "type": "match",
      "time_received": "12:01:10.0179"
    },
    {
      "makerOrderId": "67519606b1d2ab00074d8fee",
      "price": "0.0564",
      "sequence": "6014165586688001",
      "side": "buy",
      "size": "8771.9",
      "symbol": "GIGA-USDT",
      "takerOrderId": "675196078338b90007071708",
      "time": "1733400071403000000",
      "tradeId": "6014165586688001",
      "type": "match",
      "time_received": "12:01:11.4506"
    },
    {
      "makerOrderId": "67519606b1d2ab00074d8fee",
      "price": "0.0564",
      "sequence": "6014166099179521",
      "side": "buy",
      "size": "8198.7",
      "symbol": "GIGA-USDT",
      "takerOrderId": "675196081e1c9e000714e5e1",
      "time": "1733400072671000000",
      "tradeId": "6014166099179521",
      "type": "match",
      "time_received": "12:01:12.7217"
    },
    {
      "makerOrderId": "67519605716ab30007b3bd6d",
      "price": "0.05649",
      "sequence": "6014166099179524",
      "side": "buy",
      "size": "204.1",
      "symbol": "GIGA-USDT",
      "takerOrderId": "675196081e1c9e000714e5e1",
      "time": "1733400072671000000",
      "tradeId": "6014166099179524",
      "type": "match",
      "time_received": "12:01:12.7218"
    },
    {
      "makerOrderId": "675196053bb37e00073900e0",
      "price": "0.05658",
      "sequence": "6014166099179527",
      "side": "buy",
      "size": "7091.6",
      "symbol": "GIGA-USDT",
      "takerOrderId": "675196081e1c9e000714e5e1",
      "time": "1733400072671000000",
      "tradeId": "6014166099179527",
      "type": "match",
      "time_received": "12:01:12.7221"
    },
    {
      "makerOrderId": "67519605fe36bf0007e78338",
      "price": "0.05674",
      "sequence": "6014166099179530",
      "side": "buy",
      "size": "1909.2",
      "symbol": "GIGA-USDT",
      "takerOrderId": "675196081e1c9e000714e5e1",
      "time": "1733400072671000000",
      "tradeId": "6014166099179530",
      "type": "match",
      "time_received": "12:01:12.7221"
    },
    {
      "makerOrderId": "67519605aef36e00076c2573",
      "price": "0.05675",
      "sequence": "6014166099179533",
      "side": "buy",
      "size": "7477.1",
      "symbol": "GIGA-USDT",
      "takerOrderId": "675196081e1c9e000714e5e1",
      "time": "1733400072671000000",
      "tradeId": "6014166099179533",
      "type": "match",
      "time_received": "12:01:12.7221"
    },
    {
      "makerOrderId": "6751960941bdfd000761f9f1",
      "price": "0.05651",
      "sequence": "6014167247370241",
      "side": "buy",
      "size": "19.1",
      "symbol": "GIGA-USDT",
      "takerOrderId": "6751960a8338b9000707369b",
      "time": "1733400074975000000",
      "tradeId": "6014167247370241",
      "type": "match",
      "time_received": "12:01:15.0252"
    },
    {
      "makerOrderId": "6751960bf5179000079eb7cf",
      "price": "0.05653",
      "sequence": "6014168075089921",
      "side": "buy",
      "size": "181.9",
      "symbol": "GIGA-USDT",
      "takerOrderId": "6751960cf5179000079ebf14",
      "time": "1733400076500000000",
      "tradeId": "6014168075089921",
      "type": "match",
      "time_received": "12:01:16.5503"
    },
    {
      "makerOrderId": "6751960bf5179000079eb7cf",
      "price": "0.05653",
      "sequence": "6014168260032513",
      "side": "buy",
      "size": "177.1",
      "symbol": "GIGA-USDT",
      "takerOrderId": "6751960cfd80ce000744a7ba",
      "time": "1733400076803000000",
      "tradeId": "6014168260032513",
      "type": "match",
      "time_received": "12:01:16.8531"
    },
    {
      "makerOrderId": "6751960bf5179000079eb468",
      "price": "0.05641",
      "sequence": "6014170994849793",
      "side": "sell",
      "size": "3534.8",
      "symbol": "GIGA-USDT",
      "takerOrderId": "6751961241bdfd0007625859",
      "time": "1733400082593000000",
      "tradeId": "6014170994849793",
      "type": "match",
      "time_received": "12:01:22.6429"
    },
    {
      "makerOrderId": "675196129574f30007d207ec",
      "price": "0.0565",
      "sequence": "6014175866140673",
      "side": "buy",
      "size": "163.2",
      "symbol": "GIGA-USDT",
      "takerOrderId": "6751961d3bb37e000739e475",
      "time": "1733400093321000000",
      "tradeId": "6014175866140673",
      "type": "match",
      "time_received": "12:01:33.3687"
    },
    {
      "makerOrderId": "675196129574f30007d207ec",
      "price": "0.0565",
      "sequence": "6014175874398209",
      "side": "buy",
      "size": "271.6",
      "symbol": "GIGA-USDT",
      "takerOrderId": "6751961dfd80ce00074540c8",
      "time": "1733400093348000000",
      "tradeId": "6014175874398209",
      "type": "match",
      "time_received": "12:01:33.3955"
    },
    {
      "makerOrderId": "6751961e2e6b3a0007035fc9",
      "price": "0.05638",
      "sequence": "6014177361672193",
      "side": "sell",
      "size": "1771",
      "symbol": "GIGA-USDT",
      "takerOrderId": "675196202e6b3a0007037497",
      "time": "1733400096802000000",
      "tradeId": "6014177361672193",
      "type": "match",
      "time_received": "12:01:36.8527"
    },
    {
      "makerOrderId": "675196211ed0d80007b987ce",
      "price": "0.05631",
      "sequence": "6014177756854273",
      "side": "sell",
      "size": "1770.7",
      "symbol": "GIGA-USDT",
      "takerOrderId": "67519621e775000007dc5c46",
      "time": "1733400097802000000",
      "tradeId": "6014177756854273",
      "type": "match",
      "time_received": "12:01:37.8496"
    },
    {
      "makerOrderId": "6751961e3bb37e000739ebe4",
      "price": "0.05628",
      "sequence": "6014177756854276",
      "side": "sell",
      "size": "886.1",
      "symbol": "GIGA-USDT",
      "takerOrderId": "67519621e775000007dc5c46",
      "time": "1733400097802000000",
      "tradeId": "6014177756854276",
      "type": "match",
      "time_received": "12:01:37.8498"
    },
    {
      "makerOrderId": "6751960e9574f30007d1e4f9",
      "price": "0.05627",
      "sequence": "6014177756854279",
      "side": "sell",
      "size": "7086.4",
      "symbol": "GIGA-USDT",
      "takerOrderId": "67519621e775000007dc5c46",
      "time": "1733400097802000000",
      "tradeId": "6014177756854279",
      "type": "match",
      "time_received": "12:01:37.8498"
    },
    {
      "makerOrderId": "675196218338b90007080a20",
      "price": "0.05612",
      "sequence": "6014177756854282",
      "side": "sell",
      "size": "3380.1",
      "symbol": "GIGA-USDT",
      "takerOrderId": "67519621e775000007dc5c46",
      "time": "1733400097802000000",
      "tradeId": "6014177756854282",
      "type": "match",
      "time_received": "12:01:37.8498"
    },
    {
      "makerOrderId": "67519620ecb8b2000771ea1f",
      "price": "0.05611",
      "sequence": "6014177756854285",
      "side": "sell",
      "size": "886.1",
      "symbol": "GIGA-USDT",
      "takerOrderId": "67519621e775000007dc5c46",
      "time": "1733400097802000000",
      "tradeId": "6014177756854285",
      "type": "match",
      "time_received": "12:01:37.8500"
    },
    {
      "makerOrderId": "6751960e9574f30007d1e4f2",
      "price": "0.0561",
      "sequence": "6014177756854288",
      "side": "sell",
      "size": "5882.8",
      "symbol": "GIGA-USDT",
      "takerOrderId": "67519621e775000007dc5c46",
      "time": "1733400097802000000",
      "tradeId": "6014177756854288",
      "type": "match",
      "time_received": "12:01:37.8500"
    },
    {
      "makerOrderId": "675196202e6b3a0007037497",
      "price": "0.05636",
      "sequence": "6014177776908289",
      "side": "buy",
      "size": "14",
      "symbol": "GIGA-USDT",
      "takerOrderId": "675196218338b90007080ac4",
      "time": "1733400097850000000",
      "tradeId": "6014177776908289",
      "type": "match",
      "time_received": "12:01:37.9002"
    },
    {
      "makerOrderId": "67519624f5179000079f9aea",
      "price": "0.05638",
      "sequence": "6014179033364481",
      "side": "sell",
      "size": "1482.6",
      "symbol": "GIGA-USDT",
      "takerOrderId": "67519624b1d2ab00074e9e6e",
      "time": "1733400101015000000",
      "tradeId": "6014179033364481",
      "type": "match",
      "time_received": "12:01:41.0669"
    },
    {
      "makerOrderId": "6751962a3bb37e00073a49a0",
      "price": "0.05635",
      "sequence": "6014181514033153",
      "side": "sell",
      "size": "886.6",
      "symbol": "GIGA-USDT",
      "takerOrderId": "6751962bfd061e000763d1c2",
      "time": "1733400107321000000",
      "tradeId": "6014181514033153",
      "type": "match",
      "time_received": "12:01:47.3721"
    },
    {
      "makerOrderId": "6751962afd061e000763ccf1",
      "price": "0.05634",
      "sequence": "6014181514033156",
      "side": "sell",
      "size": "1771.9",
      "symbol": "GIGA-USDT",
      "takerOrderId": "6751962bfd061e000763d1c2",
      "time": "1733400107321000000",
      "tradeId": "6014181514033156",
      "type": "match",
      "time_received": "12:01:47.3722"
    },
    {
      "makerOrderId": "67519622b1d2ab00074e8c44",
      "price": "0.05626",
      "sequence": "6014181514033159",
      "side": "sell",
      "size": "7082.8",
      "symbol": "GIGA-USDT",
      "takerOrderId": "6751962bfd061e000763d1c2",
      "time": "1733400107321000000",
      "tradeId": "6014181514033159",
      "type": "match",
      "time_received": "12:01:47.3722"
    },
    {
      "makerOrderId": "67519622f5179000079f83be",
      "price": "0.05611",
      "sequence": "6014181514033162",
      "side": "sell",
      "size": "3391.6",
      "symbol": "GIGA-USDT",
      "takerOrderId": "6751962bfd061e000763d1c2",
      "time": "1733400107321000000",
      "tradeId": "6014181514033162",
      "type": "match",
      "time_received": "12:01:47.3722"
    },
    {
      "makerOrderId": "6751960e9574f30007d1e4f2",
      "price": "0.0561",
      "sequence": "6014181514033165",
      "side": "sell",
      "size": "6324.7",
      "symbol": "GIGA-USDT",
      "takerOrderId": "6751962bfd061e000763d1c2",
      "time": "1733400107321000000",
      "tradeId": "6014181514033165",
      "type": "match",
      "time_received": "12:01:47.3723"
    },
    {
      "makerOrderId": "6751962fa398ab00075b3f59",
      "price": "0.05629",
      "sequence": "6014183337900033",
      "side": "sell",
      "size": "1772.4",
      "symbol": "GIGA-USDT",
      "takerOrderId": "6751962f41bdfd000763432b",
      "time": "1733400111732000000",
      "tradeId": "6014183337900033",
      "type": "match",
      "time_received": "12:01:51.7808"
    },
    {
      "makerOrderId": "6751962fecb8b200077252b7",
      "price": "0.05626",
      "sequence": "6014183337900036",
      "side": "sell",
      "size": "776.5",
      "symbol": "GIGA-USDT",
      "takerOrderId": "6751962f41bdfd000763432b",
      "time": "1733400111732000000",
      "tradeId": "6014183337900036",
      "type": "match",
      "time_received": "12:01:51.7810"
    },
    {
      "makerOrderId": "6751962c9574f30007d2d7fd",
      "price": "0.05625",
      "sequence": "6014183337900039",
      "side": "sell",
      "size": "7088.5",
      "symbol": "GIGA-USDT",
      "takerOrderId": "6751962f41bdfd000763432b",
      "time": "1733400111732000000",
      "tradeId": "6014183337900039",
      "type": "match",
      "time_received": "12:01:51.7810"
    },
    {
      "makerOrderId": "6751962f41bdfd000763432b",
      "price": "0.05611",
      "sequence": "6014183349041153",
      "side": "buy",
      "size": "178.1",
      "symbol": "GIGA-USDT",
      "takerOrderId": "6751962ffd80ce000745ca6b",
      "time": "1733400111763000000",
      "tradeId": "6014183349041153",
      "type": "match",
      "time_received": "12:01:51.8128"
    },
    {
      "makerOrderId": "6751962f41bdfd000763432b",
      "price": "0.05611",
      "sequence": "6014183349172225",
      "side": "buy",
      "size": "76.5",
      "symbol": "GIGA-USDT",
      "takerOrderId": "6751962f1e1c9e0007163529",
      "time": "1733400111764000000",
      "tradeId": "6014183349172225",
      "type": "match",
      "time_received": "12:01:51.8129"
    },
    {
      "makerOrderId": "6751962f41bdfd000763432b",
      "price": "0.05611",
      "sequence": "6014183354284033",
      "side": "buy",
      "size": "822.9",
      "symbol": "GIGA-USDT",
      "takerOrderId": "6751962f1ed0d80007b9ee6b",
      "time": "1733400111776000000",
      "tradeId": "6014183354284033",
      "type": "match",
      "time_received": "12:01:51.8235"
    },
    {
      "makerOrderId": "6751962f41bdfd000763432b",
      "price": "0.05611",
      "sequence": "6014183354546177",
      "side": "buy",
      "size": "1299.9",
      "symbol": "GIGA-USDT",
      "takerOrderId": "6751962f2e6b3a000703e135",
      "time": "1733400111776000000",
      "tradeId": "6014183354546177",
      "type": "match",
      "time_received": "12:01:51.8236"
    },
    {
      "makerOrderId": "6751962f41bdfd000763432b",
      "price": "0.05611",
      "sequence": "6014183354677249",
      "side": "buy",
      "size": "875.6",
      "symbol": "GIGA-USDT",
      "takerOrderId": "6751962fecb8b200077257bd",
      "time": "1733400111776000000",
      "tradeId": "6014183354677249",
      "type": "match",
      "time_received": "12:01:51.8236"
    },
    {
      "makerOrderId": "6751962f41bdfd000763432b",
      "price": "0.05611",
      "sequence": "6014183357036545",
      "side": "buy",
      "size": "386.8",
      "symbol": "GIGA-USDT",
      "takerOrderId": "6751962faef36e00076d9527",
      "time": "1733400111781000000",
      "tradeId": "6014183357036545",
      "type": "match",
      "time_received": "12:01:51.8285"
    },
    {
      "makerOrderId": "6751962f41bdfd000763432b",
      "price": "0.05611",
      "sequence": "6014183357167617",
      "side": "buy",
      "size": "1234",
      "symbol": "GIGA-USDT",
      "takerOrderId": "6751962fb1d2ab00074eebc8",
      "time": "1733400111781000000",
      "tradeId": "6014183357167617",
      "type": "match",
      "time_received": "12:01:51.8286"
    },
    {
      "makerOrderId": "6751962f41bdfd000763432b",
      "price": "0.05611",
      "sequence": "6014183357298689",
      "side": "buy",
      "size": "1234",
      "symbol": "GIGA-USDT",
      "takerOrderId": "6751962fe775000007dcc0d4",
      "time": "1733400111781000000",
      "tradeId": "6014183357298689",
      "type": "match",
      "time_received": "12:01:51.8288"
    },
    {
      "makerOrderId": "6751962f41bdfd000763432b",
      "price": "0.05611",
      "sequence": "6014183358347265",
      "side": "buy",
      "size": "159.8",
      "symbol": "GIGA-USDT",
      "takerOrderId": "6751962ff5179000079fe802",
      "time": "1733400111783000000",
      "tradeId": "6014183358347265",
      "type": "match",
      "time_received": "12:01:51.8331"
    },
    {
      "makerOrderId": "6751962f41bdfd000763432b",
      "price": "0.05611",
      "sequence": "6014183358740481",
      "side": "buy",
      "size": "1234",
      "symbol": "GIGA-USDT",
      "takerOrderId": "6751962f41bdfd0007634380",
      "time": "1733400111783000000",
      "tradeId": "6014183358740481",
      "type": "match",
      "time_received": "12:01:51.8331"
    },
    {
      "makerOrderId": "6751962f41bdfd000763432b",
      "price": "0.05611",
      "sequence": "6014183360444417",
      "side": "buy",
      "size": "159.1",
      "symbol": "GIGA-USDT",
      "takerOrderId": "6751962fb1d2ab00074eebcc",
      "time": "1733400111785000000",
      "tradeId": "6014183360444417",
      "type": "match",
      "time_received": "12:01:51.8398"
    },
    {
      "makerOrderId": "6751962f41bdfd000763432b",
      "price": "0.05611",
      "sequence": "6014183361886209",
      "side": "buy",
      "size": "27.5",
      "symbol": "GIGA-USDT",
      "takerOrderId": "6751962fb1d2ab00074eebd3",
      "time": "1733400111788000000",
      "tradeId": "6014183361886209",
      "type": "match",
      "time_received": "12:01:51.8399"
    },
    {
      "makerOrderId": "6751962f41bdfd000763432b",
      "price": "0.05611",
      "sequence": "6014183363852289",
      "side": "buy",
      "size": "159.8",
      "symbol": "GIGA-USDT",
      "takerOrderId": "6751962f3bb37e00073a6e3d",
      "time": "1733400111793000000",
      "tradeId": "6014183363852289",
      "type": "match",
      "time_received": "12:01:51.8449"
    },
    {
      "makerOrderId": "6751962f41bdfd000763432b",
      "price": "0.05611",
      "sequence": "6014183364114433",
      "side": "buy",
      "size": "271.6",
      "symbol": "GIGA-USDT",
      "takerOrderId": "6751962f1e1c9e000716355f",
      "time": "1733400111793000000",
      "tradeId": "6014183364114433",
      "type": "match",
      "time_received": "12:01:51.8449"
    },
    {
      "makerOrderId": "6751962f41bdfd000763432b",
      "price": "0.05611",
      "sequence": "6014183364245505",
      "side": "buy",
      "size": "475.2",
      "symbol": "GIGA-USDT",
      "takerOrderId": "6751962f41bdfd0007634399",
      "time": "1733400111793000000",
      "tradeId": "6014183364245505",
      "type": "match",
      "time_received": "12:01:51.8450"
    },
    {
      "makerOrderId": "6751962f41bdfd000763432b",
      "price": "0.05611",
      "sequence": "6014183364769793",
      "side": "buy",
      "size": "233.8",
      "symbol": "GIGA-USDT",
      "takerOrderId": "6751962faef36e00076d9540",
      "time": "1733400111795000000",
      "tradeId": "6014183364769793",
      "type": "match",
      "time_received": "12:01:51.8452"
    },
    {
      "makerOrderId": "6751962f41bdfd000763432b",
      "price": "0.05611",
      "sequence": "6014183366473729",
      "side": "buy",
      "size": "467.9",
      "symbol": "GIGA-USDT",
      "takerOrderId": "6751962fff2a9e0007d6d70e",
      "time": "1733400111799000000",
      "tradeId": "6014183366473729",
      "type": "match",
      "time_received": "12:01:51.8498"
    },
    {
      "makerOrderId": "6751962f41bdfd000763432b",
      "price": "0.05611",
      "sequence": "6014183367653377",
      "side": "buy",
      "size": "475.2",
      "symbol": "GIGA-USDT",
      "takerOrderId": "6751962f1ed0d80007b9ee9e",
      "time": "1733400111806000000",
      "tradeId": "6014183367653377",
      "type": "match",
      "time_received": "12:01:51.8546"
    },
    {
      "makerOrderId": "6751962f41bdfd000763432b",
      "price": "0.05611",
      "sequence": "6014183368308737",
      "side": "buy",
      "size": "607.3",
      "symbol": "GIGA-USDT",
      "takerOrderId": "6751962ffe36bf0007e8f284",
      "time": "1733400111806000000",
      "tradeId": "6014183368308737",
      "type": "match",
      "time_received": "12:01:51.8547"
    },
    {
      "makerOrderId": "6751962f41bdfd000763432b",
      "price": "0.05611",
      "sequence": "6014183371585537",
      "side": "buy",
      "size": "432.9",
      "symbol": "GIGA-USDT",
      "takerOrderId": "6751962f8338b900070870f9",
      "time": "1733400111811000000",
      "tradeId": "6014183371585537",
      "type": "match",
      "time_received": "12:01:51.8597"
    },
    {
      "makerOrderId": "6751962f41bdfd000763432b",
      "price": "0.05611",
      "sequence": "6014183371716609",
      "side": "buy",
      "size": "664.3",
      "symbol": "GIGA-USDT",
      "takerOrderId": "6751962f2e6b3a000703e16d",
      "time": "1733400111811000000",
      "tradeId": "6014183371716609",
      "type": "match",
      "time_received": "12:01:51.8598"
    },
    {
      "makerOrderId": "6751962f41bdfd000763432b",
      "price": "0.05611",
      "sequence": "6014183371847681",
      "side": "buy",
      "size": "1234",
      "symbol": "GIGA-USDT",
      "takerOrderId": "6751962fe775000007dcc0ff",
      "time": "1733400111811000000",
      "tradeId": "6014183371847681",
      "type": "match",
      "time_received": "12:01:51.8599"
    },
    {
      "makerOrderId": "6751962f41bdfd000763432b",
      "price": "0.05611",
      "sequence": "6014183372240897",
      "side": "buy",
      "size": "380.1",
      "symbol": "GIGA-USDT",
      "takerOrderId": "6751962f3ecf430007274ef4",
      "time": "1733400111812000000",
      "tradeId": "6014183372240897",
      "type": "match",
      "time_received": "12:01:51.8600"
    },
    {
      "makerOrderId": "6751962f41bdfd000763432b",
      "price": "0.05611",
      "sequence": "6014183374206977",
      "side": "buy",
      "size": "722.7",
      "symbol": "GIGA-USDT",
      "takerOrderId": "6751962f3ecf430007274efb",
      "time": "1733400111816000000",
      "tradeId": "6014183374206977",
      "type": "match",
      "time_received": "12:01:51.8640"
    },
    {
      "makerOrderId": "6751962f41bdfd000763432b",
      "price": "0.05611",
      "sequence": "6014183374338049",
      "side": "buy",
      "size": "380.1",
      "symbol": "GIGA-USDT",
      "takerOrderId": "6751962f3ecf430007274f00",
      "time": "1733400111816000000",
      "tradeId": "6014183374338049",
      "type": "match",
      "time_received": "12:01:51.8641"
    },
    {
      "makerOrderId": "6751962f41bdfd000763432b",
      "price": "0.05611",
      "sequence": "6014183376697345",
      "side": "buy",
      "size": "722.7",
      "symbol": "GIGA-USDT",
      "takerOrderId": "6751962f1e1c9e000716358f",
      "time": "1733400111823000000",
      "tradeId": "6014183376697345",
      "type": "match",
      "time_received": "12:01:51.8702"
    },
    {
      "makerOrderId": "6751962f41bdfd000763432b",
      "price": "0.05611",
      "sequence": "6014183378925569",
      "side": "buy",
      "size": "380.1",
      "symbol": "GIGA-USDT",
      "takerOrderId": "6751962faef36e00076d956a",
      "time": "1733400111830000000",
      "tradeId": "6014183378925569",
      "type": "match",
      "time_received": "12:01:51.8754"
    },
    {
      "makerOrderId": "6751962f41bdfd000763432b",
      "price": "0.05611",
      "sequence": "6014183379056641",
      "side": "buy",
      "size": "380.1",
      "symbol": "GIGA-USDT",
      "takerOrderId": "6751962ffd80ce000745caca",
      "time": "1733400111830000000",
      "tradeId": "6014183379056641",
      "type": "match",
      "time_received": "12:01:51.8755"
    },
    {
      "makerOrderId": "6751962f41bdfd000763432b",
      "price": "0.05611",
      "sequence": "6014183379843073",
      "side": "buy",
      "size": "471.3",
      "symbol": "GIGA-USDT",
      "takerOrderId": "6751962fe775000007dcc124",
      "time": "1733400111832000000",
      "tradeId": "6014183379843073",
      "type": "match",
      "time_received": "12:01:51.8809"
    },
    {
      "makerOrderId": "6751962f41bdfd000763432b",
      "price": "0.05611",
      "sequence": "6014183382071297",
      "side": "buy",
      "size": "726.8",
      "symbol": "GIGA-USDT",
      "takerOrderId": "6751962ffe36bf0007e8f2bb",
      "time": "1733400111836000000",
      "tradeId": "6014183382071297",
      "type": "match",
      "time_received": "12:01:51.8811"
    },
    {
      "makerOrderId": "6751962f41bdfd000763432b",
      "price": "0.05611",
      "sequence": "6014183383382017",
      "side": "buy",
      "size": "726.8",
      "symbol": "GIGA-USDT",
      "takerOrderId": "6751962ffd061e000763f322",
      "time": "1733400111837000000",
      "tradeId": "6014183383382017",
      "type": "match",
      "time_received": "12:01:51.8876"
    },
    {
      "makerOrderId": "6751962f41bdfd000763432b",
      "price": "0.05611",
      "sequence": "6014183385610241",
      "side": "buy",
      "size": "168.4",
      "symbol": "GIGA-USDT",
      "takerOrderId": "6751962fff2a9e0007d6d75a",
      "time": "1733400111844000000",
      "tradeId": "6014183385610241",
      "type": "match",
      "time_received": "12:01:51.8918"
    },
    {
      "makerOrderId": "6751962f41bdfd000763432b",
      "price": "0.05611",
      "sequence": "6014183386003457",
      "side": "buy",
      "size": "726.8",
      "symbol": "GIGA-USDT",
      "takerOrderId": "6751962f41bdfd00076343f0",
      "time": "1733400111846000000",
      "tradeId": "6014183386003457",
      "type": "match",
      "time_received": "12:01:51.8922"
    },
    {
      "makerOrderId": "6751962f41bdfd000763432b",
      "price": "0.05611",
      "sequence": "6014183388493825",
      "side": "buy",
      "size": "289",
      "symbol": "GIGA-USDT",
      "takerOrderId": "6751962f8338b90007087144",
      "time": "1733400111853000000",
      "tradeId": "6014183388493825",
      "type": "match",
      "time_received": "12:01:51.9027"
    },
    {
      "makerOrderId": "6751962f41bdfd000763432b",
      "price": "0.05611",
      "sequence": "6014183390066689",
      "side": "buy",
      "size": "380.1",
      "symbol": "GIGA-USDT",
      "takerOrderId": "6751962faef36e00076d9594",
      "time": "1733400111859000000",
      "tradeId": "6014183390066689",
      "type": "match",
      "time_received": "12:01:51.9080"
    },
    {
      "makerOrderId": "6751962f41bdfd000763432b",
      "price": "0.05611",
      "sequence": "6014183390197761",
      "side": "buy",
      "size": "726.8",
      "symbol": "GIGA-USDT",
      "takerOrderId": "6751962f41bdfd0007634402",
      "time": "1733400111859000000",
      "tradeId": "6014183390197761",
      "type": "match",
      "time_received": "12:01:51.9081"
    },
    {
      "makerOrderId": "6751962f41bdfd000763432b",
      "price": "0.05611",
      "sequence": "6014183390722049",
      "side": "buy",
      "size": "430.8",
      "symbol": "GIGA-USDT",
      "takerOrderId": "6751962f716ab30007b52ddc",
      "time": "1733400111862000000",
      "tradeId": "6014183390722049",
      "type": "match",
      "time_received": "12:01:51.9082"
    },
    {
      "makerOrderId": "6751962f41bdfd000763432b",
      "price": "0.05611",
      "sequence": "6014183393081345",
      "side": "buy",
      "size": "326",
      "symbol": "GIGA-USDT",
      "takerOrderId": "6751962ffe36bf0007e8f2e1",
      "time": "1733400111868000000",
      "tradeId": "6014183393081345",
      "type": "match",
      "time_received": "12:01:51.9154"
    },
    {
      "makerOrderId": "6751962f3ecf430007274a3e",
      "price": "0.05634",
      "sequence": "6014183395047425",
      "side": "buy",
      "size": "1250.4",
      "symbol": "GIGA-USDT",
      "takerOrderId": "6751962f9574f30007d2f3eb",
      "time": "1733400111871000000",
      "tradeId": "6014183395047425",
      "type": "match",
      "time_received": "12:01:51.9208"
    },
    {
      "makerOrderId": "6751962f3ecf430007274a3e",
      "price": "0.05634",
      "sequence": "6014183434106881",
      "side": "buy",
      "size": "347.8",
      "symbol": "GIGA-USDT",
      "takerOrderId": "6751962fecb8b2000772585b",
      "time": "1733400111897000000",
      "tradeId": "6014183434106881",
      "type": "match",
      "time_received": "12:01:51.9484"
    },
    {
      "makerOrderId": "6751962f3ecf430007274a3e",
      "price": "0.05634",
      "sequence": "6014183449442305",
      "side": "buy",
      "size": "342.2",
      "symbol": "GIGA-USDT",
      "takerOrderId": "6751962fa398ab00075b44c4",
      "time": "1733400111934000000",
      "tradeId": "6014183449442305",
      "type": "match",
      "time_received": "12:01:51.9830"
    },
    {
      "makerOrderId": "67519636fd80ce0007460058",
      "price": "0.05627",
      "sequence": "6014188532807681",
      "side": "sell",
      "size": "1774.1",
      "symbol": "GIGA-USDT",
      "takerOrderId": "6751963bf517900007a03f3c",
      "time": "1733400123157000000",
      "tradeId": "6014188532807681",
      "type": "match",
      "time_received": "12:02:03.2091"
    },
    {
      "makerOrderId": "67519634b1d2ab00074f0f47",
      "price": "0.0562",
      "sequence": "6014188532807684",
      "side": "sell",
      "size": "7094.8",
      "symbol": "GIGA-USDT",
      "takerOrderId": "6751963bf517900007a03f3c",
      "time": "1733400123157000000",
      "tradeId": "6014188532807684",
      "type": "match",
      "time_received": "12:02:03.2092"
    },
    {
      "makerOrderId": "675196307cf7ff0007667eff",
      "price": "0.05607",
      "sequence": "6014188532807687",
      "side": "sell",
      "size": "8713.3",
      "symbol": "GIGA-USDT",
      "takerOrderId": "6751963bf517900007a03f3c",
      "time": "1733400123157000000",
      "tradeId": "6014188532807687",
      "type": "match",
      "time_received": "12:02:03.2093"
    },
    {
      "makerOrderId": "6751963b1ed0d80007ba4bc7",
      "price": "0.05622",
      "sequence": "6014189982070785",
      "side": "sell",
      "size": "1774.8",
      "symbol": "GIGA-USDT",
      "takerOrderId": "6751963eb1d2ab00074f5d50",
      "time": "1733400126521000000",
      "tradeId": "6014189982070785",
      "type": "match",
      "time_received": "12:02:06.5794"
    },
    {
      "makerOrderId": "6751963eb1d2ab00074f5d50",
      "price": "0.0562",
      "sequence": "6014190241986561",
      "side": "buy",
      "size": "166.6",
      "symbol": "GIGA-USDT",
      "takerOrderId": "6751963f9574f30007d36a06",
      "time": "1733400127025000000",
      "tradeId": "6014190241986561",
      "type": "match",
      "time_received": "12:02:07.0716"
    },
    {
      "makerOrderId": "6751963eb1d2ab00074f5d50",
      "price": "0.0562",
      "sequence": "6014190268200961",
      "side": "buy",
      "size": "1937.1",
      "symbol": "GIGA-USDT",
      "takerOrderId": "6751963ffe36bf0007e96b47",
      "time": "1733400127066000000",
      "tradeId": "6014190268200961",
      "type": "match",
      "time_received": "12:02:07.1149"
    },
    {
      "makerOrderId": "6751963f3bb37e00073ae8d1",
      "price": "0.05614",
      "sequence": "6014191139174401",
      "side": "sell",
      "size": "1775.3",
      "symbol": "GIGA-USDT",
      "takerOrderId": "67519640f517900007a06fb2",
      "time": "1733400128887000000",
      "tradeId": "6014191139174401",
      "type": "match",
      "time_received": "12:02:08.9419"
    },
    {
      "makerOrderId": "6751963f1ed0d80007ba691f",
      "price": "0.0561",
      "sequence": "6014191139174404",
      "side": "sell",
      "size": "7101.3",
      "symbol": "GIGA-USDT",
      "takerOrderId": "67519640f517900007a06fb2",
      "time": "1733400128887000000",
      "tradeId": "6014191139174404",
      "type": "match",
      "time_received": "12:02:08.9420"
    },
    {
      "makerOrderId": "6751963fff2a9e0007d7573a",
      "price": "0.05607",
      "sequence": "6014191139174407",
      "side": "sell",
      "size": "1783.4",
      "symbol": "GIGA-USDT",
      "takerOrderId": "67519640f517900007a06fb2",
      "time": "1733400128887000000",
      "tradeId": "6014191139174407",
      "type": "match",
      "time_received": "12:02:08.9421"
    },
    {
      "makerOrderId": "675196171ed0d80007b93521",
      "price": "0.056",
      "sequence": "6014191139174410",
      "side": "sell",
      "size": "76.5",
      "symbol": "GIGA-USDT",
      "takerOrderId": "67519640f517900007a06fb2",
      "time": "1733400128887000000",
      "tradeId": "6014191139174410",
      "type": "match",
      "time_received": "12:02:08.9421"
    },
    {
      "makerOrderId": "6751963b1ed0d80007ba4b9d",
      "price": "0.056",
      "sequence": "6014191139174413",
      "side": "sell",
      "size": "6845.6",
      "symbol": "GIGA-USDT",
      "takerOrderId": "67519640f517900007a06fb2",
      "time": "1733400128887000000",
      "tradeId": "6014191139174413",
      "type": "match",
      "time_received": "12:02:08.9422"
    },
    {
      "makerOrderId": "6751964441bdfd000763e801",
      "price": "0.05615",
      "sequence": "6014193495980033",
      "side": "sell",
      "size": "1775.6",
      "symbol": "GIGA-USDT",
      "takerOrderId": "675196462e6b3a0007049257",
      "time": "1733400134529000000",
      "tradeId": "6014193495980033",
      "type": "match",
      "time_received": "12:02:14.5810"
    },
    {
      "makerOrderId": "675196412e6b3a0007046eb8",
      "price": "0.0561",
      "sequence": "6014193495980036",
      "side": "sell",
      "size": "3935.9",
      "symbol": "GIGA-USDT",
      "takerOrderId": "675196462e6b3a0007049257",
      "time": "1733400134529000000",
      "tradeId": "6014193495980036",
      "type": "match",
      "time_received": "12:02:14.5811"
    },
    {
      "makerOrderId": "675196453ecf43000727fc3e",
      "price": "0.05619",
      "sequence": "6014193868355585",
      "side": "buy",
      "size": "265.9",
      "symbol": "GIGA-USDT",
      "takerOrderId": "67519647b1d2ab00074fa3d2",
      "time": "1733400135412000000",
      "tradeId": "6014193868355585",
      "type": "match",
      "time_received": "12:02:15.4705"
    },
    {
      "makerOrderId": "675196472e6b3a0007049a8e",
      "price": "0.05618",
      "sequence": "6014193993922561",
      "side": "buy",
      "size": "90.8",
      "symbol": "GIGA-USDT",
      "takerOrderId": "67519647fd061e000764af69",
      "time": "1733400135700000000",
      "tradeId": "6014193993922561",
      "type": "match",
      "time_received": "12:02:15.7682"
    },
    {
      "makerOrderId": "675196472e6b3a0007049a8e",
      "price": "0.05618",
      "sequence": "6014193994053633",
      "side": "buy",
      "size": "18.1",
      "symbol": "GIGA-USDT",
      "takerOrderId": "67519647fd80ce000746852a",
      "time": "1733400135700000000",
      "tradeId": "6014193994053633",
      "type": "match",
      "time_received": "12:02:15.7688"
    },
    {
      "makerOrderId": "675196472e6b3a0007049ade",
      "price": "0.05611",
      "sequence": "6014198120986625",
      "side": "sell",
      "size": "269.9",
      "symbol": "GIGA-USDT",
      "takerOrderId": "675196502e6b3a000704e43c",
      "time": "1733400144819000000",
      "tradeId": "6014198120986625",
      "type": "match",
      "time_received": "12:02:24.8657"
    },
    {
      "makerOrderId": "675196412e6b3a0007046eb8",
      "price": "0.0561",
      "sequence": "6014198120986628",
      "side": "sell",
      "size": "3165.5",
      "symbol": "GIGA-USDT",
      "takerOrderId": "675196502e6b3a000704e43c",
      "time": "1733400144819000000",
      "tradeId": "6014198120986628",
      "type": "match",
      "time_received": "12:02:24.8658"
    },
    {
      "makerOrderId": "6751964f8338b90007096c6f",
      "price": "0.056",
      "sequence": "6014198120986631",
      "side": "sell",
      "size": "154.3",
      "symbol": "GIGA-USDT",
      "takerOrderId": "675196502e6b3a000704e43c",
      "time": "1733400144819000000",
      "tradeId": "6014198120986631",
      "type": "match",
      "time_received": "12:02:24.8658"
    },
    {
      "makerOrderId": "675196502e6b3a000704e43c",
      "price": "0.056",
      "sequence": "6014198143137793",
      "side": "buy",
      "size": "421",
      "symbol": "GIGA-USDT",
      "takerOrderId": "675196503bb37e00073b705b",
      "time": "1733400144852000000",
      "tradeId": "6014198143137793",
      "type": "match",
      "time_received": "12:02:24.8993"
    },
    {
      "makerOrderId": "675196502e6b3a000704e43c",
      "price": "0.056",
      "sequence": "6014198146938881",
      "side": "buy",
      "size": "166.7",
      "symbol": "GIGA-USDT",
      "takerOrderId": "67519650ff2a9e0007d7db1a",
      "time": "1733400144859000000",
      "tradeId": "6014198146938881",
      "type": "match",
      "time_received": "12:02:24.9087"
    },
    {
      "makerOrderId": "675196502e6b3a000704e43c",
      "price": "0.056",
      "sequence": "6014198262806529",
      "side": "buy",
      "size": "176.1",
      "symbol": "GIGA-USDT",
      "takerOrderId": "675196511e1c9e0007173ae1",
      "time": "1733400145091000000",
      "tradeId": "6014198262806529",
      "type": "match",
      "time_received": "12:02:25.1501"
    },
    {
      "makerOrderId": "67519650b1d2ab00074fef27",
      "price": "0.0563",
      "sequence": "6014198262806532",
      "side": "buy",
      "size": "53",
      "symbol": "GIGA-USDT",
      "takerOrderId": "675196511e1c9e0007173ae1",
      "time": "1733400145091000000",
      "tradeId": "6014198262806532",
      "type": "match",
      "time_received": "12:02:25.1502"
    },
    {
      "makerOrderId": "67519655fd061e0007651f2f",
      "price": "0.05634",
      "sequence": "6014200443320321",
      "side": "buy",
      "size": "728.7",
      "symbol": "GIGA-USDT",
      "takerOrderId": "67519655ff2a9e0007d8051d",
      "time": "1733400149981000000",
      "tradeId": "6014200443320321",
      "type": "match",
      "time_received": "12:02:30.0839"
    },
    {
      "makerOrderId": "67519655e775000007dded1f",
      "price": "0.05634",
      "sequence": "6014200443320324",
      "side": "buy",
      "size": "138.4",
      "symbol": "GIGA-USDT",
      "takerOrderId": "67519655ff2a9e0007d8051d",
      "time": "1733400149981000000",
      "tradeId": "6014200443320324",
      "type": "match",
      "time_received": "12:02:30.0840"
    },
    {
      "makerOrderId": "67519655e775000007dded1f",
      "price": "0.05634",
      "sequence": "6014200905086977",
      "side": "buy",
      "size": "747.7",
      "symbol": "GIGA-USDT",
      "takerOrderId": "675196561e1c9e0007176a37",
      "time": "1733400151011000000",
      "tradeId": "6014200905086977",
      "type": "match",
      "time_received": "12:02:31.0578"
    },
    {
      "makerOrderId": "67519655716ab30007b6587b",
      "price": "0.05634",
      "sequence": "6014200905086980",
      "side": "buy",
      "size": "886.1",
      "symbol": "GIGA-USDT",
      "takerOrderId": "675196561e1c9e0007176a37",
      "time": "1733400151011000000",
      "tradeId": "6014200905086980",
      "type": "match",
      "time_received": "12:02:31.0578"
    },
    {
      "makerOrderId": "675196551e1c9e0007175c76",
      "price": "0.05635",
      "sequence": "6014200905086983",
      "side": "buy",
      "size": "1035.5",
      "symbol": "GIGA-USDT",
      "takerOrderId": "675196561e1c9e0007176a37",
