{
  "metadata": {
    "symbol": "BTC",
    "channel": "match",
    "start_time": "11:54:33.3092",
    "release_time": "11:54:36.3092",
    "end_time": "11:55:06.3092",
    "total_messages": 57,
    "final_snapshot": {
      "time": "11:55:06.2210",
      "symbol": "BTC-USDT",
      "price_high": "99595",
      "price_last": "98433.7",
      "price_low": "97017.5",
      "price_avg": "98197.50976723",
      "volValue_USDT": "270842714.12478139"
    }
  },
  "data": [
    {
      "makerOrderId": "6741c268b7e21a0007f0f8a6",
      "price": "98435.2",
      "sequence": "11566011615690753",
      "side": "buy",
      "size": "0.00010159",
      "symbol": "BTC-USDT",
      "takerOrderId": "6741c2795e98e00007be5d78",
      "time": "1732362873905000000",
      "tradeId": "11566011615690753",
      "type": "match",
      "time_received": "11:54:33.9494"
    },
    {
      "makerOrderId": "6741c268b7e21a0007f0f8a6",
      "price": "98435.2",
      "sequence": "11566011746107393",
      "side": "buy",
      "size": "0.00243543",
      "symbol": "BTC-USDT",
      "takerOrderId": "6741c27a4fe746000787d862",
      "time": "1732362874725000000",
      "tradeId": "11566011746107393",
      "type": "match",
      "time_received": "11:54:34.7680"
    },
    {
      "makerOrderId": "6741c268b7e21a0007f0f8a6",
      "price": "98435.2",
      "sequence": "11566011868790785",
      "side": "buy",
      "size": "0.00001946",
      "symbol": "BTC-USDT",
      "takerOrderId": "6741c27b4fe746000787dbd8",
      "time": "1732362875243000000",
      "tradeId": "11566011868790785",
      "type": "match",
      "time_received": "11:54:35.2844"
    },
    {
      "makerOrderId": "6741c268b7e21a0007f0f8a6",
      "price": "98435.2",
      "sequence": "11566013118955521",
      "side": "buy",
      "size": "0.00012777",
      "symbol": "BTC-USDT",
      "takerOrderId": "6741c281f4a7c5000727ac87",
      "time": "1732362881103000000",
      "tradeId": "11566013118955521",
      "type": "match",
      "time_received": "11:54:41.1475"
    },
    {
      "makerOrderId": "6741c278f4f120000745f912",
      "price": "98435.1",
      "sequence": "11566013162864641",
      "side": "sell",
      "size": "0.0001",
      "symbol": "BTC-USDT",
      "takerOrderId": "6741c281088f0100073594e5",
      "time": "1732362881371000000",
      "tradeId": "11566013162864641",
      "type": "match",
      "time_received": "11:54:41.4150"
    },
    {
      "makerOrderId": "6741c278f4f120000745f912",
      "price": "98435.1",
      "sequence": "11566013526458369",
      "side": "sell",
      "size": "0.00436267",
      "symbol": "BTC-USDT",
      "takerOrderId": "6741c282b7e21a0007f178fd",
      "time": "1732362882904000000",
      "tradeId": "11566013526458369",
      "type": "match",
      "time_received": "11:54:42.9484"
    },
    {
      "makerOrderId": "6741c278df6f6e000700f0d1",
      "price": "98435.1",
      "sequence": "11566013526458372",
      "side": "sell",
      "size": "0.00563733",
      "symbol": "BTC-USDT",
      "takerOrderId": "6741c282b7e21a0007f178fd",
      "time": "1732362882904000000",
      "tradeId": "11566013526458372",
      "type": "match",
      "time_received": "11:54:42.9490"
    },
    {
      "makerOrderId": "6741c268b7e21a0007f0f8a6",
      "price": "98435.2",
      "sequence": "11566013990191105",
      "side": "buy",
      "size": "0.00002021",
      "symbol": "BTC-USDT",
      "takerOrderId": "6741c2856967d30007911910",
      "time": "1732362885256000000",
      "tradeId": "11566013990191105",
      "type": "match",
      "time_received": "11:54:45.2976"
    },
    {
      "makerOrderId": "6741c278df6f6e000700f0d1",
      "price": "98435.1",
      "sequence": "11566013997400065",
      "side": "sell",
      "size": "0.00013207",
      "symbol": "BTC-USDT",
      "takerOrderId": "6741c285b7e21a0007f18496",
      "time": "1732362885300000000",
      "tradeId": "11566013997400065",
      "type": "match",
      "time_received": "11:54:45.3438"
    },
    {
      "makerOrderId": "6741c278df6f6e000700f0d1",
      "price": "98435.1",
      "sequence": "11566014009458689",
      "side": "sell",
      "size": "0.00013207",
      "symbol": "BTC-USDT",
      "takerOrderId": "6741c28567cdc90007d9055c",
      "time": "1732362885381000000",
      "tradeId": "11566014009458689",
      "type": "match",
      "time_received": "11:54:45.4241"
    },
    {
      "makerOrderId": "6741c278df6f6e000700f0d1",
      "price": "98435.1",
      "sequence": "11566014018371585",
      "side": "sell",
      "size": "0.00013207",
      "symbol": "BTC-USDT",
      "takerOrderId": "6741c28568486d000716ebc3",
      "time": "1732362885452000000",
      "tradeId": "11566014018371585",
      "type": "match",
      "time_received": "11:54:45.4956"
    },
    {
      "makerOrderId": "6741c278df6f6e000700f0d1",
      "price": "98435.1",
      "sequence": "11566014023483393",
      "side": "sell",
      "size": "0.00013207",
      "symbol": "BTC-USDT",
      "takerOrderId": "6741c285d52cb800078b5049",
      "time": "1732362885489000000",
      "tradeId": "11566014023483393",
      "type": "match",
      "time_received": "11:54:45.5333"
    },
    {
      "makerOrderId": "6741c278df6f6e000700f0d1",
      "price": "98435.1",
      "sequence": "11566014026498049",
      "side": "sell",
      "size": "0.00013207",
      "symbol": "BTC-USDT",
      "takerOrderId": "6741c285f4a7c5000727c17b",
      "time": "1732362885523000000",
      "tradeId": "11566014026498049",
      "type": "match",
      "time_received": "11:54:45.5664"
    },
    {
      "makerOrderId": "6741c278df6f6e000700f0d1",
      "price": "98435.1",
      "sequence": "11566014031478785",
      "side": "sell",
      "size": "0.00013207",
      "symbol": "BTC-USDT",
      "takerOrderId": "6741c285f15b2700072dfa5c",
      "time": "1732362885570000000",
      "tradeId": "11566014031478785",
      "type": "match",
      "time_received": "11:54:45.6129"
    },
    {
      "makerOrderId": "6741c278df6f6e000700f0d1",
      "price": "98435.1",
      "sequence": "11566014034886657",
      "side": "sell",
      "size": "0.00013207",
      "symbol": "BTC-USDT",
      "takerOrderId": "6741c2854fe7460007880d43",
      "time": "1732362885602000000",
      "tradeId": "11566014034886657",
      "type": "match",
      "time_received": "11:54:45.6457"
    },
    {
      "makerOrderId": "6741c278df6f6e000700f0d1",
      "price": "98435.1",
      "sequence": "11566014044717057",
      "side": "sell",
      "size": "0.00013207",
      "symbol": "BTC-USDT",
      "takerOrderId": "6741c285c65bf70007c0b951",
      "time": "1732362885649000000",
      "tradeId": "11566014044717057",
      "type": "match",
      "time_received": "11:54:45.6929"
    },
    {
      "makerOrderId": "6741c278df6f6e000700f0d1",
      "price": "98435.1",
      "sequence": "11566014050877441",
      "side": "sell",
      "size": "0.00013207",
      "symbol": "BTC-USDT",
      "takerOrderId": "6741c2854fe7460007880d9f",
      "time": "1732362885679000000",
      "tradeId": "11566014050877441",
      "type": "match",
      "time_received": "11:54:45.7227"
    },
    {
      "makerOrderId": "6741c278df6f6e000700f0d1",
      "price": "98435.1",
      "sequence": "11566014060969985",
      "side": "sell",
      "size": "0.00013207",
      "symbol": "BTC-USDT",
      "takerOrderId": "6741c28568486d000716ecfd",
      "time": "1732362885738000000",
      "tradeId": "11566014060969985",
      "type": "match",
      "time_received": "11:54:45.7821"
    },
    {
      "makerOrderId": "6741c278df6f6e000700f0d1",
      "price": "98435.1",
      "sequence": "11566014067392513",
      "side": "sell",
      "size": "0.00013207",
      "symbol": "BTC-USDT",
      "takerOrderId": "6741c2856967d30007911b59",
      "time": "1732362885764000000",
      "tradeId": "11566014067392513",
      "type": "match",
      "time_received": "11:54:45.8083"
    },
    {
      "makerOrderId": "6741c278df6f6e000700f0d1",
      "price": "98435.1",
      "sequence": "11566014076567553",
      "side": "sell",
      "size": "0.00013207",
      "symbol": "BTC-USDT",
      "takerOrderId": "6741c2856967d30007911ba9",
      "time": "1732362885831000000",
      "tradeId": "11566014076567553",
      "type": "match",
      "time_received": "11:54:45.8759"
    },
    {
      "makerOrderId": "6741c278df6f6e000700f0d1",
      "price": "98435.1",
      "sequence": "11566014076829697",
      "side": "sell",
      "size": "0.00013207",
      "symbol": "BTC-USDT",
      "takerOrderId": "6741c2851586c100072bc300",
      "time": "1732362885834000000",
      "tradeId": "11566014076829697",
      "type": "match",
      "time_received": "11:54:45.8761"
    },
    {
      "makerOrderId": "6741c278df6f6e000700f0d1",
      "price": "98435.1",
      "sequence": "11566014092296193",
      "side": "sell",
      "size": "0.00013207",
      "symbol": "BTC-USDT",
      "takerOrderId": "6741c285cf286a0007cc74f8",
      "time": "1732362885924000000",
      "tradeId": "11566014092296193",
      "type": "match",
      "time_received": "11:54:45.9677"
    },
    {
      "makerOrderId": "6741c278df6f6e000700f0d1",
      "price": "98435.1",
      "sequence": "11566014092427265",
      "side": "sell",
      "size": "0.00013207",
      "symbol": "BTC-USDT",
      "takerOrderId": "6741c285df6f6e000701324a",
      "time": "1732362885925000000",
      "tradeId": "11566014092427265",
      "type": "match",
      "time_received": "11:54:45.9678"
    },
    {
      "makerOrderId": "6741c278df6f6e000700f0d1",
      "price": "98435.1",
      "sequence": "11566014105534465",
      "side": "sell",
      "size": "0.00013207",
      "symbol": "BTC-USDT",
      "takerOrderId": "6741c28531d0950007b89269",
      "time": "1732362885998000000",
      "tradeId": "11566014105534465",
      "type": "match",
      "time_received": "11:54:46.0411"
    },
    {
      "makerOrderId": "6741c278df6f6e000700f0d1",
      "price": "98435.1",
      "sequence": "11566014106451969",
      "side": "sell",
      "size": "0.00013207",
      "symbol": "BTC-USDT",
      "takerOrderId": "6741c28637061e0007d1b661",
      "time": "1732362886005000000",
      "tradeId": "11566014106451969",
      "type": "match",
      "time_received": "11:54:46.0478"
    },
    {
      "makerOrderId": "6741c278df6f6e000700f0d1",
      "price": "98435.1",
      "sequence": "11566014118641665",
      "side": "sell",
      "size": "0.00013207",
      "symbol": "BTC-USDT",
      "takerOrderId": "6741c286f1bf4000072196ac",
      "time": "1732362886066000000",
      "tradeId": "11566014118641665",
      "type": "match",
      "time_received": "11:54:46.1096"
    },
    {
      "makerOrderId": "6741c278df6f6e000700f0d1",
      "price": "98435.1",
      "sequence": "11566014123360257",
      "side": "sell",
      "size": "0.00013207",
      "symbol": "BTC-USDT",
      "takerOrderId": "6741c286d52cb800078b5300",
      "time": "1732362886090000000",
      "tradeId": "11566014123360257",
      "type": "match",
      "time_received": "11:54:46.1345"
    },
    {
      "makerOrderId": "6741c278df6f6e000700f0d1",
      "price": "98435.1",
      "sequence": "11566014129389569",
      "side": "sell",
      "size": "0.00013207",
      "symbol": "BTC-USDT",
      "takerOrderId": "6741c286d52cb800078b5341",
      "time": "1732362886140000000",
      "tradeId": "11566014129389569",
      "type": "match",
      "time_received": "11:54:46.1840"
    },
    {
      "makerOrderId": "6741c278df6f6e000700f0d1",
      "price": "98435.1",
      "sequence": "11566014143152129",
      "side": "sell",
      "size": "0.00013207",
      "symbol": "BTC-USDT",
      "takerOrderId": "6741c28667cdc90007d9091c",
      "time": "1732362886181000000",
      "tradeId": "11566014143152129",
      "type": "match",
      "time_received": "11:54:46.2247"
    },
    {
      "makerOrderId": "6741c278df6f6e000700f0d1",
      "price": "98435.1",
      "sequence": "11566014153506817",
      "side": "sell",
      "size": "0.00013207",
      "symbol": "BTC-USDT",
      "takerOrderId": "6741c28637061e0007d1b7ad",
      "time": "1732362886218000000",
      "tradeId": "11566014153506817",
      "type": "match",
      "time_received": "11:54:46.2607"
    },
    {
      "makerOrderId": "6741c278df6f6e000700f0d1",
      "price": "98435.1",
      "sequence": "11566014164385793",
      "side": "sell",
      "size": "0.00013207",
      "symbol": "BTC-USDT",
      "takerOrderId": "6741c28668486d000716efbe",
      "time": "1732362886272000000",
      "tradeId": "11566014164385793",
      "type": "match",
      "time_received": "11:54:46.3109"
    },
    {
      "makerOrderId": "6741c268b7e21a0007f0f8a6",
      "price": "98435.2",
      "sequence": "11566014415388673",
      "side": "buy",
      "size": "0.00253972",
      "symbol": "BTC-USDT",
      "takerOrderId": "6741c2870d85530007acacc1",
      "time": "1732362887843000000",
      "tradeId": "11566014415388673",
      "type": "match",
      "time_received": "11:54:47.8833"
    },
    {
      "makerOrderId": "6741c268b7e21a0007f0f8a6",
      "price": "98435.2",
      "sequence": "11566014417092609",
      "side": "buy",
      "size": "0.00525886",
      "symbol": "BTC-USDT",
      "takerOrderId": "6741c287f1bf400007219ea7",
      "time": "1732362887847000000",
      "tradeId": "11566014417092609",
      "type": "match",
      "time_received": "11:54:47.8907"
    },
    {
      "makerOrderId": "6741c278df6f6e000700f0d1",
      "price": "98435.1",
      "sequence": "11566014532304897",
      "side": "sell",
      "size": "0.00025292",
      "symbol": "BTC-USDT",
      "takerOrderId": "6741c288cf286a0007cc8048",
      "time": "1732362888360000000",
      "tradeId": "11566014532304897",
      "type": "match",
      "time_received": "11:54:48.4011"
    },
    {
      "makerOrderId": "6741c268b7e21a0007f0f8a6",
      "price": "98435.2",
      "sequence": "11566014693130241",
      "side": "buy",
      "size": "0.00002987",
      "symbol": "BTC-USDT",
      "takerOrderId": "6741c28968486d000716fd3b",
      "time": "1732362889289000000",
      "tradeId": "11566014693130241",
      "type": "match",
      "time_received": "11:54:49.3334"
    },
    {
      "makerOrderId": "6741c278df6f6e000700f0d1",
      "price": "98435.1",
      "sequence": "11566015018975233",
      "side": "sell",
      "size": "0.00135944",
      "symbol": "BTC-USDT",
      "takerOrderId": "6741c28af4f1200007465227",
      "time": "1732362890969000000",
      "tradeId": "11566015018975233",
      "type": "match",
      "time_received": "11:54:51.0112"
    },
    {
      "makerOrderId": "6741c278f4f120000745f92b",
      "price": "98435.1",
      "sequence": "11566015018975236",
      "side": "sell",
      "size": "0.00202109",
      "symbol": "BTC-USDT",
      "takerOrderId": "6741c28af4f1200007465227",
      "time": "1732362890969000000",
      "tradeId": "11566015018975236",
      "type": "match",
      "time_received": "11:54:51.0114"
    },
    {
      "makerOrderId": "6741c278ae93cc0007557f77",
      "price": "98435.1",
      "sequence": "11566015018975239",
      "side": "sell",
      "size": "0.0015393",
      "symbol": "BTC-USDT",
      "takerOrderId": "6741c28af4f1200007465227",
      "time": "1732362890969000000",
      "tradeId": "11566015018975239",
      "type": "match",
      "time_received": "11:54:51.0115"
    },
    {
      "makerOrderId": "6741c28a31d0950007b8a8fe",
      "price": "98435.1",
      "sequence": "11566015018975242",
      "side": "sell",
      "size": "0.056044",
      "symbol": "BTC-USDT",
      "takerOrderId": "6741c28af4f1200007465227",
      "time": "1732362890969000000",
      "tradeId": "11566015018975242",
      "type": "match",
      "time_received": "11:54:51.0115"
    },
    {
      "makerOrderId": "6741c28a68486d0007170523",
      "price": "98433.8",
      "sequence": "11566015454003201",
      "side": "buy",
      "size": "0.00005439",
      "symbol": "BTC-USDT",
      "takerOrderId": "6741c28cf1bf40000721b753",
      "time": "1732362892992000000",
      "tradeId": "11566015454003201",
      "type": "match",
      "time_received": "11:54:53.0330"
    },
    {
      "makerOrderId": "6741c26edf6f6e000700be8f",
      "price": "98433.7",
      "sequence": "11566015766347777",
      "side": "sell",
      "size": "0.00008878",
      "symbol": "BTC-USDT",
      "takerOrderId": "6741c28ef4f12000074662a4",
      "time": "1732362894434000000",
      "tradeId": "11566015766347777",
      "type": "match",
      "time_received": "11:54:54.4724"
    },
    {
      "makerOrderId": "6741c26edf6f6e000700be8f",
      "price": "98433.7",
      "sequence": "11566015768969217",
      "side": "sell",
      "size": "0.00153729",
      "symbol": "BTC-USDT",
      "takerOrderId": "6741c28e4fe7460007883683",
      "time": "1732362894448000000",
      "tradeId": "11566015768969217",
      "type": "match",
      "time_received": "11:54:54.4866"
    },
    {
      "makerOrderId": "6741c26edf6f6e000700be8f",
      "price": "98433.7",
      "sequence": "11566016255770625",
      "side": "sell",
      "size": "0.00016062",
      "symbol": "BTC-USDT",
      "takerOrderId": "6741c290c5ba74000715cdf9",
      "time": "1732362896801000000",
      "tradeId": "11566016255770625",
      "type": "match",
      "time_received": "11:54:56.8445"
    },
    {
      "makerOrderId": "6741c28a68486d0007170523",
      "price": "98433.8",
      "sequence": "11566016257212417",
      "side": "buy",
      "size": "0.0004293",
      "symbol": "BTC-USDT",
      "takerOrderId": "6741c290c5ba74000715ce00",
      "time": "1732362896806000000",
      "tradeId": "11566016257212417",
      "type": "match",
      "time_received": "11:54:56.8446"
    },
    {
      "makerOrderId": "6741c28a68486d0007170523",
      "price": "98433.8",
      "sequence": "11566016340967425",
      "side": "buy",
      "size": "0.00015359",
      "symbol": "BTC-USDT",
      "takerOrderId": "6741c291f1bf40000721cbc4",
      "time": "1732362897296000000",
      "tradeId": "11566016340967425",
      "type": "match",
      "time_received": "11:54:57.3402"
    },
    {
      "makerOrderId": "6741c28a68486d0007170523",
      "price": "98433.8",
      "sequence": "11566016736018433",
      "side": "buy",
      "size": "0.00010204",
      "symbol": "BTC-USDT",
      "takerOrderId": "6741c29331d0950007b8d117",
      "time": "1732362899322000000",
      "tradeId": "11566016736018433",
      "type": "match",
      "time_received": "11:54:59.3665"
    },
    {
      "makerOrderId": "6741c28a68486d0007170523",
      "price": "98433.8",
      "sequence": "11566016849920001",
      "side": "buy",
      "size": "0.00148732",
      "symbol": "BTC-USDT",
      "takerOrderId": "6741c2936967d30007915eab",
      "time": "1732362899877000000",
      "tradeId": "11566016849920001",
      "type": "match",
      "time_received": "11:54:59.9236"
    },
    {
      "makerOrderId": "6741c28adf6f6e0007014a18",
      "price": "98433.8",
      "sequence": "11566016849920004",
      "side": "buy",
      "size": "0.01339004",
      "symbol": "BTC-USDT",
      "takerOrderId": "6741c2936967d30007915eab",
      "time": "1732362899877000000",
      "tradeId": "11566016849920004",
      "type": "match",
      "time_received": "11:54:59.9237"
    },
    {
      "makerOrderId": "6741c28a67cdc90007d91ee6",
      "price": "98433.8",
      "sequence": "11566016849920007",
      "side": "buy",
      "size": "0.00546118",
      "symbol": "BTC-USDT",
      "takerOrderId": "6741c2936967d30007915eab",
      "time": "1732362899877000000",
      "tradeId": "11566016849920007",
      "type": "match",
      "time_received": "11:54:59.9237"
    },
    {
      "makerOrderId": "6741c28a67cdc90007d91ee6",
      "price": "98433.8",
      "sequence": "11566017177600001",
      "side": "buy",
      "size": "0.00053736",
      "symbol": "BTC-USDT",
      "takerOrderId": "6741c29531d0950007b8db77",
      "time": "1732362901139000000",
      "tradeId": "11566017177600001",
      "type": "match",
      "time_received": "11:55:01.1837"
    },
    {
      "makerOrderId": "6741c26edf6f6e000700be8f",
      "price": "98433.7",
      "sequence": "11566017284030465",
      "side": "sell",
      "size": "0.00567129",
      "symbol": "BTC-USDT",
      "takerOrderId": "6741c295c65bf70007c1072c",
      "time": "1732362901665000000",
      "tradeId": "11566017284030465",
      "type": "match",
      "time_received": "11:55:01.7089"
    },
    {
      "makerOrderId": "6741c28a67cdc90007d91ee6",
      "price": "98433.8",
      "sequence": "11566017382989825",
      "side": "buy",
      "size": "0.00017159",
      "symbol": "BTC-USDT",
      "takerOrderId": "6741c29637061e0007d20624",
      "time": "1732362902310000000",
      "tradeId": "11566017382989825",
      "type": "match",
      "time_received": "11:55:02.3536"
    },
    {
      "makerOrderId": "6741c26edf6f6e000700be8f",
      "price": "98433.7",
      "sequence": "11566017849212929",
      "side": "sell",
      "size": "0.01283688",
      "symbol": "BTC-USDT",
      "takerOrderId": "6741c298df6f6e0007018ca5",
      "time": "1732362904212000000",
      "tradeId": "11566017849212929",
      "type": "match",
      "time_received": "11:55:04.2553"
    },
    {
      "makerOrderId": "6741c28ad52cb800078b69a7",
      "price": "98433.7",
      "sequence": "11566017849212932",
      "side": "sell",
      "size": "0.00135944",
      "symbol": "BTC-USDT",
      "takerOrderId": "6741c298df6f6e0007018ca5",
      "time": "1732362904212000000",
      "tradeId": "11566017849212932",
      "type": "match",
      "time_received": "11:55:04.2555"
    },
    {
      "makerOrderId": "6741c28b68486d0007170646",
      "price": "98433.7",
      "sequence": "11566017849212935",
      "side": "sell",
      "size": "0.00614222",
      "symbol": "BTC-USDT",
      "takerOrderId": "6741c298df6f6e0007018ca5",
      "time": "1732362904212000000",
      "tradeId": "11566017849212935",
      "type": "match",
      "time_received": "11:55:04.2556"
    },
    {
      "makerOrderId": "6741c28a67cdc90007d91ee6",
      "price": "98433.8",
      "sequence": "11566018130624513",
      "side": "buy",
      "size": "0.00102101",
      "symbol": "BTC-USDT",
      "takerOrderId": "6741c299d52cb800078bb2fe",
      "time": "1732362905620000000",
      "tradeId": "11566018130624513",
      "type": "match",
      "time_received": "11:55:05.6603"
    },
    {
      "makerOrderId": "6741c28b68486d0007170646",
      "price": "98433.7",
      "sequence": "11566018158018561",
      "side": "sell",
      "size": "0.00005381",
      "symbol": "BTC-USDT",
      "takerOrderId": "6741c29967cdc90007d968c1",
      "time": "1732362905794000000",
      "tradeId": "11566018158018561",
      "type": "match",
      "time_received": "11:55:05.8375"
    }
  ]
}