{
  "metadata": {
    "symbol": "RWA",
    "channel": "match",
    "start_time": "09:59:30.0000",
    "release_time": "10:00:00.0000",
    "end_time": "10:02:00.0000",
    "total_messages": 278,
    "final_snapshot": {
      "time": "10:02:00.2810",
      "symbol": "RWA-USDT",
      "price_high": "0.034",
      "price_last": "0.033002",
      "price_low": "0.005",
      "price_avg": null,
      "volValue_USDT": "50137.65526"
    }
  },
  "data": [
    {
      "price": "0.005",
      "sequence": "5672962835757057",
      "side": "sell",
      "size": "100",
      "symbol": "RWA-USDT",
      "time": "1732528800000000000",
      "tradeId": "5672962835757057",
      "type": "match",
      "time_received": "10:00:00.0737"
    },
    {
      "makerOrderId": "67442bad67cdc9000771687d",
      "price": "0.018",
      "sequence": "5672962835757058",
      "side": "buy",
      "size": "612",
      "symbol": "RWA-USDT",
      "takerOrderId": "67444aa01586c100078bf4b3",
      "time": "1732528800013000000",
      "tradeId": "5672962835757058",
      "type": "match",
      "time_received": "10:00:00.0738"
    },
    {
      "makerOrderId": "67442badcf286a000764acb8",
      "price": "0.018",
      "sequence": "5672962835757061",
      "side": "buy",
      "size": "612",
      "symbol": "RWA-USDT",
      "takerOrderId": "67444aa01586c100078bf4b3",
      "time": "1732528800013000000",
      "tradeId": "5672962835757061",
      "type": "match",
      "time_received": "10:00:00.0738"
    },
    {
      "makerOrderId": "67442bad67cdc90007716934",
      "price": "0.018",
      "sequence": "5672962835757064",
      "side": "buy",
      "size": "612",
      "symbol": "RWA-USDT",
      "takerOrderId": "67444aa01586c100078bf4b3",
      "time": "1732528800013000000",
      "tradeId": "5672962835757064",
      "type": "match",
      "time_received": "10:00:00.0739"
    },
    {
      "makerOrderId": "67442bad37061e00076a9e83",
      "price": "0.019",
      "sequence": "5672962835757067",
      "side": "buy",
      "size": "579",
      "symbol": "RWA-USDT",
      "takerOrderId": "67444aa01586c100078bf4b3",
      "time": "1732528800013000000",
      "tradeId": "5672962835757067",
      "type": "match",
      "time_received": "10:00:00.0740"
    },
    {
      "makerOrderId": "67442baddf6f6e000799b84d",
      "price": "0.019",
      "sequence": "5672962835757070",
      "side": "buy",
      "size": "579",
      "symbol": "RWA-USDT",
      "takerOrderId": "67444aa01586c100078bf4b3",
      "time": "1732528800013000000",
      "tradeId": "5672962835757070",
      "type": "match",
      "time_received": "10:00:00.0740"
    },
    {
      "makerOrderId": "67442badc65bf700075923aa",
      "price": "0.02",
      "sequence": "5672962837329921",
      "side": "buy",
      "size": "550",
      "symbol": "RWA-USDT",
      "takerOrderId": "67444aa0c5ba74000775bd96",
      "time": "1732528800021000000",
      "tradeId": "5672962837329921",
      "type": "match",
      "time_received": "10:00:00.0741"
    },
    {
      "makerOrderId": "67444755f4f1200007900e33",
      "price": "0.02",
      "sequence": "5672962837329924",
      "side": "buy",
      "size": "500",
      "symbol": "RWA-USDT",
      "takerOrderId": "67444aa0c5ba74000775bd96",
      "time": "1732528800021000000",
      "tradeId": "5672962837329924",
      "type": "match",
      "time_received": "10:00:00.0742"
    },
    {
      "makerOrderId": "6744474cc65bf700070a49a1",
      "price": "0.03",
      "sequence": "5672962837985281",
      "side": "buy",
      "size": "1000",
      "symbol": "RWA-USDT",
      "takerOrderId": "67444aa0c5ba74000775bd85",
      "time": "1732528800026000000",
      "tradeId": "5672962837985281",
      "type": "match",
      "time_received": "10:00:00.0809"
    },
    {
      "makerOrderId": "6744494c0d855300070424bc",
      "price": "0.03",
      "sequence": "5672962837985284",
      "side": "buy",
      "size": "30043",
      "symbol": "RWA-USDT",
      "takerOrderId": "67444aa0c5ba74000775bd85",
      "time": "1732528800026000000",
      "tradeId": "5672962837985284",
      "type": "match",
      "time_received": "10:00:00.0811"
    },
    {
      "makerOrderId": "6744494cf4a7c500077f5544",
      "price": "0.03",
      "sequence": "5672962837985287",
      "side": "buy",
      "size": "17084",
      "symbol": "RWA-USDT",
      "takerOrderId": "67444aa0c5ba74000775bd85",
      "time": "1732528800026000000",
      "tradeId": "5672962837985287",
      "type": "match",
      "time_received": "10:00:00.0811"
    },
    {
      "makerOrderId": "6744494cf4a7c500077f5544",
      "price": "0.03",
      "sequence": "5672962838640641",
      "side": "buy",
      "size": "48127",
      "symbol": "RWA-USDT",
      "takerOrderId": "67444aa0ae93cc0007b5cb58",
      "time": "1732528800028000000",
      "tradeId": "5672962838640641",
      "type": "match",
      "time_received": "10:00:00.1392"
    },
    {
      "makerOrderId": "6744494cf4a7c500077f5544",
      "price": "0.03",
      "sequence": "5672962838771713",
      "side": "buy",
      "size": "283",
      "symbol": "RWA-USDT",
      "takerOrderId": "67444aa0ae93cc0007b5cb2b",
      "time": "1732528800028000000",
      "tradeId": "5672962838771713",
      "type": "match",
      "time_received": "10:00:00.1393"
    },
    {
      "makerOrderId": "6744494cb7e21a000748def9",
      "price": "0.031",
      "sequence": "5672962838771716",
      "side": "buy",
      "size": "47844",
      "symbol": "RWA-USDT",
      "takerOrderId": "67444aa0ae93cc0007b5cb2b",
      "time": "1732528800028000000",
      "tradeId": "5672962838771716",
      "type": "match",
      "time_received": "10:00:00.1393"
    },
    {
      "makerOrderId": "6744494cb7e21a000748def9",
      "price": "0.031",
      "sequence": "5672962839296001",
      "side": "buy",
      "size": "48127",
      "symbol": "RWA-USDT",
      "takerOrderId": "67444aa0ae93cc0007b5cb25",
      "time": "1732528800029000000",
      "tradeId": "5672962839296001",
      "type": "match",
      "time_received": "10:00:00.1394"
    },
    {
      "makerOrderId": "6744494cb7e21a000748def9",
      "price": "0.031",
      "sequence": "5672962839427073",
      "side": "buy",
      "size": "48127",
      "symbol": "RWA-USDT",
      "takerOrderId": "67444aa0ae93cc0007b5cb27",
      "time": "1732528800029000000",
      "tradeId": "5672962839427073",
      "type": "match",
      "time_received": "10:00:00.1395"
    },
    {
      "makerOrderId": "6744494cb7e21a000748def9",
      "price": "0.031",
      "sequence": "5672962839558145",
      "side": "buy",
      "size": "48127",
      "symbol": "RWA-USDT",
      "takerOrderId": "67444aa0ae93cc0007b5cb71",
      "time": "1732528800029000000",
      "tradeId": "5672962839558145",
      "type": "match",
      "time_received": "10:00:00.1395"
    },
    {
      "makerOrderId": "6744494cb7e21a000748def9",
      "price": "0.031",
      "sequence": "5672962839951361",
      "side": "buy",
      "size": "48127",
      "symbol": "RWA-USDT",
      "takerOrderId": "67444aa0ae93cc0007b5cb3b",
      "time": "1732528800030000000",
      "tradeId": "5672962839951361",
      "type": "match",
      "time_received": "10:00:00.1395"
    },
    {
      "makerOrderId": "6744494cb7e21a000748def9",
      "price": "0.031",
      "sequence": "5672962840737793",
      "side": "buy",
      "size": "23824",
      "symbol": "RWA-USDT",
      "takerOrderId": "67444aa01586c100078bf4d2",
      "time": "1732528800032000000",
      "tradeId": "5672962840737793",
      "type": "match",
      "time_received": "10:00:00.1395"
    },
    {
      "makerOrderId": "6744494c0d85530007042537",
      "price": "0.031",
      "sequence": "5672962840737796",
      "side": "buy",
      "size": "24303",
      "symbol": "RWA-USDT",
      "takerOrderId": "67444aa01586c100078bf4d2",
      "time": "1732528800032000000",
      "tradeId": "5672962840737796",
      "type": "match",
      "time_received": "10:00:00.1396"
    },
    {
      "makerOrderId": "6744494c0d85530007042537",
      "price": "0.031",
      "sequence": "5672962841131009",
      "side": "buy",
      "size": "48127",
      "symbol": "RWA-USDT",
      "takerOrderId": "67444aa0c5ba74000775bdd2",
      "time": "1732528800033000000",
      "tradeId": "5672962841131009",
      "type": "match",
      "time_received": "10:00:00.1396"
    },
    {
      "makerOrderId": "6744494c0d85530007042537",
      "price": "0.031",
      "sequence": "5672962841786369",
      "side": "buy",
      "size": "32105",
      "symbol": "RWA-USDT",
      "takerOrderId": "67444aa0c5ba74000775bdb1",
      "time": "1732528800035000000",
      "tradeId": "5672962841786369",
      "type": "match",
      "time_received": "10:00:00.1396"
    },
    {
      "makerOrderId": "6744494c6967d30007e8de53",
      "price": "0.032",
      "sequence": "5672962841786372",
      "side": "buy",
      "size": "16022",
      "symbol": "RWA-USDT",
      "takerOrderId": "67444aa0c5ba74000775bdb1",
      "time": "1732528800035000000",
      "tradeId": "5672962841786372",
      "type": "match",
      "time_received": "10:00:00.1397"
    },
    {
      "makerOrderId": "6744494c6967d30007e8de53",
      "price": "0.032",
      "sequence": "5672962841917441",
      "side": "buy",
      "size": "25517",
      "symbol": "RWA-USDT",
      "takerOrderId": "67444aa0ae93cc0007b5cb62",
      "time": "1732528800035000000",
      "tradeId": "5672962841917441",
      "type": "match",
      "time_received": "10:00:00.1397"
    },
    {
      "makerOrderId": "6744494cf1bf400007799311",
      "price": "0.032",
      "sequence": "5672962841917444",
      "side": "buy",
      "size": "22610",
      "symbol": "RWA-USDT",
      "takerOrderId": "67444aa0ae93cc0007b5cb62",
      "time": "1732528800035000000",
      "tradeId": "5672962841917444",
      "type": "match",
      "time_received": "10:00:00.1397"
    },
    {
      "makerOrderId": "6744494cf1bf400007799311",
      "price": "0.032",
      "sequence": "5672962842834945",
      "side": "buy",
      "size": "4653",
      "symbol": "RWA-USDT",
      "takerOrderId": "67444aa0ae93cc0007b5cbad",
      "time": "1732528800037000000",
      "tradeId": "5672962842834945",
      "type": "match",
      "time_received": "10:00:00.1398"
    },
    {
      "makerOrderId": "6744494cdf6f6e000758fa43",
      "price": "0.032",
      "sequence": "5672962842834948",
      "side": "buy",
      "size": "23260",
      "symbol": "RWA-USDT",
      "takerOrderId": "67444aa0ae93cc0007b5cbad",
      "time": "1732528800037000000",
      "tradeId": "5672962842834948",
      "type": "match",
      "time_received": "10:00:00.1399"
    },
    {
      "makerOrderId": "6744494cc65bf700071843c9",
      "price": "0.033",
      "sequence": "5672962962765825",
      "side": "buy",
      "size": "1000",
      "symbol": "RWA-USDT",
      "takerOrderId": "67444aa031d09500071879ef",
      "time": "1732528800283000000",
      "tradeId": "5672962962765825",
      "type": "match",
      "time_received": "10:00:00.3394"
    },
    {
      "makerOrderId": "6744494cc65bf700071843c9",
      "price": "0.033",
      "sequence": "5672962977576961",
      "side": "buy",
      "size": "2300",
      "symbol": "RWA-USDT",
      "takerOrderId": "67444aa068486d0007774055",
      "time": "1732528800308000000",
      "tradeId": "5672962977576961",
      "type": "match",
      "time_received": "10:00:00.3520"
    },
    {
      "makerOrderId": "6744494cc65bf700071843c9",
      "price": "0.033",
      "sequence": "5672962981771265",
      "side": "buy",
      "size": "110",
      "symbol": "RWA-USDT",
      "takerOrderId": "67444aa01586c100078bfbe2",
      "time": "1732528800312000000",
      "tradeId": "5672962981771265",
      "type": "match",
      "time_received": "10:00:00.3610"
    },
    {
      "makerOrderId": "6744494cc65bf700071843c9",
      "price": "0.033",
      "sequence": "5672963024762881",
      "side": "buy",
      "size": "110",
      "symbol": "RWA-USDT",
      "takerOrderId": "67444aa0f4a7c50007878fc5",
      "time": "1732528800371000000",
      "tradeId": "5672963024762881",
      "type": "match",
      "time_received": "10:00:00.4149"
    },
    {
      "makerOrderId": "6744494cc65bf700071843c9",
      "price": "0.033",
      "sequence": "5672963043375105",
      "side": "buy",
      "size": "1150",
      "symbol": "RWA-USDT",
      "takerOrderId": "67444aa06967d30007f115cd",
      "time": "1732528800400000000",
      "tradeId": "5672963043375105",
      "type": "match",
      "time_received": "10:00:00.4471"
    },
    {
      "makerOrderId": "6744494cc65bf700071843c9",
      "price": "0.033",
      "sequence": "5672963050846209",
      "side": "buy",
      "size": "256",
      "symbol": "RWA-USDT",
      "takerOrderId": "67444aa0f4f1200007a5fb65",
      "time": "1732528800411000000",
      "tradeId": "5672963050846209",
      "type": "match",
      "time_received": "10:00:00.4576"
    },
    {
      "makerOrderId": "6744494cc65bf700071843c9",
      "price": "0.033",
      "sequence": "5672963433707521",
      "side": "buy",
      "size": "126",
      "symbol": "RWA-USDT",
      "takerOrderId": "67444aa14fe7460007e814e1",
      "time": "1732528801191000000",
      "tradeId": "5672963433707521",
      "type": "match",
      "time_received": "10:00:01.2424"
    },
    {
      "makerOrderId": "6744494cc65bf700071843c9",
      "price": "0.033",
      "sequence": "5672963867949057",
      "side": "buy",
      "size": "302",
      "symbol": "RWA-USDT",
      "takerOrderId": "67444aa21586c100078c1285",
      "time": "1732528802312000000",
      "tradeId": "5672963867949057",
      "type": "match",
      "time_received": "10:00:02.3630"
    },
    {
      "makerOrderId": "6744494cc65bf700071843c9",
      "price": "0.033",
      "sequence": "5672963915790337",
      "side": "buy",
      "size": "302",
      "symbol": "RWA-USDT",
      "takerOrderId": "67444aa20d855300070c6e1d",
      "time": "1732528802442000000",
      "tradeId": "5672963915790337",
      "type": "match",
      "time_received": "10:00:02.4889"
    },
    {
      "makerOrderId": "6744494cc65bf700071843c9",
      "price": "0.033",
      "sequence": "5672964045420545",
      "side": "buy",
      "size": "300",
      "symbol": "RWA-USDT",
      "takerOrderId": "67444aa2c5ba74000775df1c",
      "time": "1732528802796000000",
      "tradeId": "5672964045420545",
      "type": "match",
      "time_received": "10:00:02.8485"
    },
    {
      "makerOrderId": "6744494cc65bf700071843c9",
      "price": "0.033",
      "sequence": "5672964111349761",
      "side": "buy",
      "size": "300",
      "symbol": "RWA-USDT",
      "takerOrderId": "67444aa267cdc9000738cf39",
      "time": "1732528802953000000",
      "tradeId": "5672964111349761",
      "type": "match",
      "time_received": "10:00:02.9961"
    },
    {
      "makerOrderId": "6744494cc65bf700071843c9",
      "price": "0.033",
      "sequence": "5672964153554949",
      "side": "buy",
      "size": "296",
      "symbol": "RWA-USDT",
      "takerOrderId": "67444aa36967d30007f130c4",
      "time": "1732528803081000000",
      "tradeId": "5672964153554949",
      "type": "match",
      "time_received": "10:00:03.1253"
    },
    {
      "makerOrderId": "6744494cc65bf700071843c9",
      "price": "0.033",
      "sequence": "5672964224333825",
      "side": "buy",
      "size": "294",
      "symbol": "RWA-USDT",
      "takerOrderId": "67444aa368486d0007775f79",
      "time": "1732528803274000000",
      "tradeId": "5672964224333825",
      "type": "match",
      "time_received": "10:00:03.3171"
    },
    {
      "makerOrderId": "6744494cc65bf700071843c9",
      "price": "0.033",
      "sequence": "5672964311496705",
      "side": "buy",
      "size": "302",
      "symbol": "RWA-USDT",
      "takerOrderId": "67444aa30d855300070c76f3",
      "time": "1732528803471000000",
      "tradeId": "5672964311496705",
      "type": "match",
      "time_received": "10:00:03.5165"
    },
    {
      "makerOrderId": "6744494cc65bf700071843c9",
      "price": "0.033",
      "sequence": "5672964324341761",
      "side": "buy",
      "size": "297",
      "symbol": "RWA-USDT",
      "takerOrderId": "67444aa3df6f6e0007614bea",
      "time": "1732528803498000000",
      "tradeId": "5672964324341761",
      "type": "match",
      "time_received": "10:00:03.5459"
    },
    {
      "makerOrderId": "6744494cc65bf700071843c9",
      "price": "0.033",
      "sequence": "5672964413339649",
      "side": "buy",
      "size": "297",
      "symbol": "RWA-USDT",
      "takerOrderId": "67444aa3c5ba74000775e77c",
      "time": "1732528803695000000",
      "tradeId": "5672964413339649",
      "type": "match",
      "time_received": "10:00:03.7395"
    },
    {
      "makerOrderId": "6744494cc65bf700071843c9",
      "price": "0.033",
      "sequence": "5672964426708993",
      "side": "buy",
      "size": "297",
      "symbol": "RWA-USDT",
      "takerOrderId": "67444aa331d0950007189ea4",
      "time": "1732528803743000000",
      "tradeId": "5672964426708993",
      "type": "match",
      "time_received": "10:00:03.7906"
    },
    {
      "makerOrderId": "6744494cc65bf700071843c9",
      "price": "0.033",
      "sequence": "5672964447680513",
      "side": "buy",
      "size": "1492",
      "symbol": "RWA-USDT",
      "takerOrderId": "67444aa331d0950007189f2f",
      "time": "1732528803799000000",
      "tradeId": "5672964447680513",
      "type": "match",
      "time_received": "10:00:03.8474"
    },
    {
      "makerOrderId": "6744494cc65bf700071843c9",
      "price": "0.033",
      "sequence": "5672964734728193",
      "side": "buy",
      "size": "1492",
      "symbol": "RWA-USDT",
      "takerOrderId": "67444aa4088f01000795c582",
      "time": "1732528804537000000",
      "tradeId": "5672964734728193",
      "type": "match",
      "time_received": "10:00:04.5857"
    },
    {
      "makerOrderId": "6744494cc65bf700071843c9",
      "price": "0.033",
      "sequence": "5672964835129345",
      "side": "buy",
      "size": "1492",
      "symbol": "RWA-USDT",
      "takerOrderId": "67444aa467cdc9000738df18",
      "time": "1732528804784000000",
      "tradeId": "5672964835129345",
      "type": "match",
      "time_received": "10:00:04.8275"
    },
    {
      "makerOrderId": "6744494cc65bf700071843c9",
      "price": "0.033",
      "sequence": "5672965102516225",
      "side": "buy",
      "size": "100",
      "symbol": "RWA-USDT",
      "takerOrderId": "67444aa5f4f1200007a62a57",
      "time": "1732528805331000000",
      "tradeId": "5672965102516225",
      "type": "match",
      "time_received": "10:00:05.3781"
    },
    {
      "makerOrderId": "6744494cc65bf700071843c9",
      "price": "0.033",
      "sequence": "5672965438453761",
      "side": "buy",
      "size": "1504",
      "symbol": "RWA-USDT",
      "takerOrderId": "67444aa6f4a7c5000787c41e",
      "time": "1732528806068000000",
      "tradeId": "5672965438453761",
      "type": "match",
      "time_received": "10:00:06.1155"
    },
    {
      "makerOrderId": "6744494cc65bf700071843c9",
      "price": "0.033",
      "sequence": "5672965513951233",
      "side": "buy",
      "size": "1504",
      "symbol": "RWA-USDT",
      "takerOrderId": "67444aa6c65bf7000720b07d",
      "time": "1732528806232000000",
      "tradeId": "5672965513951233",
      "type": "match",
      "time_received": "10:00:06.2758"
    },
    {
      "makerOrderId": "6744494cc65bf700071843c9",
      "price": "0.033",
      "sequence": "5672965559171073",
      "side": "buy",
      "size": "1504",
      "symbol": "RWA-USDT",
      "takerOrderId": "67444aa61586c100078c3499",
      "time": "1732528806355000000",
      "tradeId": "5672965559171073",
      "type": "match",
      "time_received": "10:00:06.4024"
    },
    {
      "makerOrderId": "6744494cc65bf700071843c9",
      "price": "0.033",
      "sequence": "5672965646333953",
      "side": "buy",
      "size": "1504",
      "symbol": "RWA-USDT",
      "takerOrderId": "67444aa6d52cb80007eb2b8b",
      "time": "1732528806573000000",
      "tradeId": "5672965646333953",
      "type": "match",
      "time_received": "10:00:06.6213"
    },
    {
      "makerOrderId": "6744494cc65bf700071843c9",
      "price": "0.033",
      "sequence": "5672966406289409",
      "side": "buy",
      "size": "764",
      "symbol": "RWA-USDT",
      "takerOrderId": "67444aa8ae93cc0007b61c0f",
      "time": "1732528808489000000",
      "tradeId": "5672966406289409",
      "type": "match",
      "time_received": "10:00:08.5385"
    },
    {
      "makerOrderId": "6744494cc65bf700071843c9",
      "price": "0.033",
      "sequence": "5672966649034753",
      "side": "buy",
      "size": "7997",
      "symbol": "RWA-USDT",
      "takerOrderId": "67444aa8ae93cc0007b62120",
      "time": "1732528808993000000",
      "tradeId": "5672966649034753",
      "type": "match",
      "time_received": "10:00:09.0386"
    },
    {
      "makerOrderId": "6744494cc65bf700071843c9",
      "price": "0.033",
      "sequence": "5672966803306497",
      "side": "buy",
      "size": "14722",
      "symbol": "RWA-USDT",
      "takerOrderId": "67444aa9f15b2700078df9d1",
      "time": "1732528809325000000",
      "tradeId": "5672966803306497",
      "type": "match",
      "time_received": "10:00:09.3719"
    },
    {
      "makerOrderId": "6744494cc65bf700071843c9",
      "price": "0.033",
      "sequence": "5672966874085377",
      "side": "buy",
      "size": "754",
      "symbol": "RWA-USDT",
      "takerOrderId": "67444aa9f1bf400007821e6c",
      "time": "1732528809492000000",
      "tradeId": "5672966874085377",
      "type": "match",
      "time_received": "10:00:09.5393"
    },
    {
      "makerOrderId": "67444aa0ae93cc0007b5cbad",
      "price": "0.032",
      "sequence": "5672966879197185",
      "side": "sell",
      "size": "3310",
      "symbol": "RWA-USDT",
      "takerOrderId": "67444aa9c65bf7000720cd07",
      "time": "1732528809502000000",
      "tradeId": "5672966879197185",
      "type": "match",
      "time_received": "10:00:09.5478"
    },
    {
      "makerOrderId": "67444aa0ae93cc0007b5cbad",
      "price": "0.032",
      "sequence": "5672966879459329",
      "side": "sell",
      "size": "3319",
      "symbol": "RWA-USDT",
      "takerOrderId": "67444aa937061e0007323dfc",
      "time": "1732528809502000000",
      "tradeId": "5672966879459329",
      "type": "match",
      "time_received": "10:00:09.5482"
    },
    {
      "makerOrderId": "67444aa0ae93cc0007b5cbad",
      "price": "0.032",
      "sequence": "5672966879590401",
      "side": "sell",
      "size": "3303",
      "symbol": "RWA-USDT",
      "takerOrderId": "67444aa9f4f1200007a64dc4",
      "time": "1732528809502000000",
      "tradeId": "5672966879590401",
      "type": "match",
      "time_received": "10:00:09.5483"
    },
    {
      "makerOrderId": "67444aa0ae93cc0007b5cbad",
      "price": "0.032",
      "sequence": "5672966879721473",
      "side": "sell",
      "size": "3283",
      "symbol": "RWA-USDT",
      "takerOrderId": "67444aa91586c100078c5019",
      "time": "1732528809502000000",
      "tradeId": "5672966879721473",
      "type": "match",
      "time_received": "10:00:09.5483"
    },
    {
      "makerOrderId": "67444aa0ae93cc0007b5cbad",
      "price": "0.032",
      "sequence": "5672966879852545",
      "side": "sell",
      "size": "3293",
      "symbol": "RWA-USDT",
      "takerOrderId": "67444aa9cf286a00072c5a84",
      "time": "1732528809502000000",
      "tradeId": "5672966879852545",
      "type": "match",
      "time_received": "10:00:09.5484"
    },
    {
      "makerOrderId": "67444aa0ae93cc0007b5cbad",
      "price": "0.032",
      "sequence": "5672966990215169",
      "side": "sell",
      "size": "110",
      "symbol": "RWA-USDT",
      "takerOrderId": "67444aa9c5ba7400077619dc",
      "time": "1732528809725000000",
      "tradeId": "5672966990215169",
      "type": "match",
      "time_received": "10:00:09.7687"
    },
    {
      "makerOrderId": "67444aa0ae93cc0007b5cbad",
      "price": "0.032",
      "sequence": "5672966993754113",
      "side": "sell",
      "size": "110",
      "symbol": "RWA-USDT",
      "takerOrderId": "67444aa9f4f1200007a64fab",
      "time": "1732528809732000000",
      "tradeId": "5672966993754113",
      "type": "match",
      "time_received": "10:00:09.7757"
    },
    {
      "makerOrderId": "67444aaaf4f1200007a653e6",
      "price": "0.03215",
      "sequence": "5672967332313089",
      "side": "sell",
      "size": "3889",
      "symbol": "RWA-USDT",
      "takerOrderId": "67444aaac5ba740007761f76",
      "time": "1732528810493000000",
      "tradeId": "5672967332313089",
      "type": "match",
      "time_received": "10:00:10.5408"
    },
    {
      "makerOrderId": "67444aaaf4f1200007a653e6",
      "price": "0.03215",
      "sequence": "5672967332444161",
      "side": "sell",
      "size": "3877",
      "symbol": "RWA-USDT",
      "takerOrderId": "67444aaa4fe7460007e8638e",
      "time": "1732528810493000000",
      "tradeId": "5672967332444161",
      "type": "match",
      "time_received": "10:00:10.5409"
    },
    {
      "makerOrderId": "67444aaaf4f1200007a653e6",
      "price": "0.03215",
      "sequence": "5672967332575233",
      "side": "sell",
      "size": "3858",
      "symbol": "RWA-USDT",
      "takerOrderId": "67444aaa4fe7460007e86390",
      "time": "1732528810493000000",
      "tradeId": "5672967332575233",
      "type": "match",
      "time_received": "10:00:10.5410"
    },
    {
      "makerOrderId": "67444aaaf4f1200007a653e6",
      "price": "0.03215",
      "sequence": "5672967332706305",
      "side": "sell",
      "size": "3847",
      "symbol": "RWA-USDT",
      "takerOrderId": "67444aaa1586c100078c5737",
      "time": "1732528810493000000",
      "tradeId": "5672967332706305",
      "type": "match",
      "time_received": "10:00:10.5410"
    },
    {
      "makerOrderId": "67444aaaf4f1200007a653e6",
      "price": "0.03215",
      "sequence": "5672967332837377",
      "side": "sell",
      "size": "81",
      "symbol": "RWA-USDT",
      "takerOrderId": "67444aaaf4f1200007a654d6",
      "time": "1732528810493000000",
      "tradeId": "5672967332837377",
      "type": "match",
      "time_received": "10:00:10.5410"
    },
    {
      "makerOrderId": "67444aaa6967d30007f16cbc",
      "price": "0.031862",
      "sequence": "5672967332837380",
      "side": "sell",
      "size": "1542",
      "symbol": "RWA-USDT",
      "takerOrderId": "67444aaaf4f1200007a654d6",
      "time": "1732528810493000000",
      "tradeId": "5672967332837380",
      "type": "match",
      "time_received": "10:00:10.5415"
    },
    {
      "makerOrderId": "67444aaa4fe7460007e86155",
      "price": "0.031862",
      "sequence": "5672967332837383",
      "side": "sell",
      "size": "1542",
      "symbol": "RWA-USDT",
      "takerOrderId": "67444aaaf4f1200007a654d6",
      "time": "1732528810493000000",
      "tradeId": "5672967332837383",
      "type": "match",
      "time_received": "10:00:10.5416"
    },
    {
      "makerOrderId": "67444aaaae93cc0007b62b99",
      "price": "0.031862",
      "sequence": "5672967332837386",
      "side": "sell",
      "size": "704",
      "symbol": "RWA-USDT",
      "takerOrderId": "67444aaaf4f1200007a654d6",
      "time": "1732528810493000000",
      "tradeId": "5672967332837386",
      "type": "match",
      "time_received": "10:00:10.5417"
    },
    {
      "makerOrderId": "67444aaaae93cc0007b62b99",
      "price": "0.031862",
      "sequence": "5672967378974721",
      "side": "sell",
      "size": "838",
      "symbol": "RWA-USDT",
      "takerOrderId": "67444aaa0d855300070cb26f",
      "time": "1732528810603000000",
      "tradeId": "5672967378974721",
      "type": "match",
      "time_received": "10:00:10.6477"
    },
    {
      "makerOrderId": "67444aa4088f01000795c5d0",
      "price": "0.031",
      "sequence": "5672967378974724",
      "side": "sell",
      "size": "651",
      "symbol": "RWA-USDT",
      "takerOrderId": "67444aaa0d855300070cb26f",
      "time": "1732528810603000000",
      "tradeId": "5672967378974724",
      "type": "match",
      "time_received": "10:00:10.6478"
    },
    {
      "makerOrderId": "67444aaaae93cc0007b62af2",
      "price": "0.031",
      "sequence": "5672967378974727",
      "side": "sell",
      "size": "176",
      "symbol": "RWA-USDT",
      "takerOrderId": "67444aaa0d855300070cb26f",
      "time": "1732528810603000000",
      "tradeId": "5672967378974727",
      "type": "match",
      "time_received": "10:00:10.6478"
    },
    {
      "makerOrderId": "67444aa931d095000718d1c6",
      "price": "0.030001",
      "sequence": "5672967378974730",
      "side": "sell",
      "size": "1600",
      "symbol": "RWA-USDT",
      "takerOrderId": "67444aaa0d855300070cb26f",
      "time": "1732528810603000000",
      "tradeId": "5672967378974730",
      "type": "match",
      "time_received": "10:00:10.6479"
    },
    {
      "makerOrderId": "67444aa06967d30007f11610",
      "price": "0.03",
      "sequence": "5672967378974733",
      "side": "sell",
      "size": "700",
      "symbol": "RWA-USDT",
      "takerOrderId": "67444aaa0d855300070cb26f",
      "time": "1732528810603000000",
      "tradeId": "5672967378974733",
      "type": "match",
      "time_received": "10:00:10.6481"
    },
    {
      "makerOrderId": "67444aa06967d30007f11610",
      "price": "0.03",
      "sequence": "5672967379761153",
      "side": "sell",
      "size": "300",
      "symbol": "RWA-USDT",
      "takerOrderId": "67444aaa088f01000795f811",
      "time": "1732528810605000000",
      "tradeId": "5672967379761153",
      "type": "match",
      "time_received": "10:00:10.6481"
    },
    {
      "makerOrderId": "67444aaab7e21a0007516d22",
      "price": "0.031222",
      "sequence": "5672968593881089",
      "side": "buy",
      "size": "351",
      "symbol": "RWA-USDT",
      "takerOrderId": "67444aac0d855300070ccb60",
      "time": "1732528813000000000",
      "tradeId": "5672968593881089",
      "type": "match",
      "time_received": "10:00:13.0469"
    },
    {
      "makerOrderId": "67444aaab7e21a0007516d22",
      "price": "0.031222",
      "sequence": "5672968838068225",
      "side": "buy",
      "size": "1160",
      "symbol": "RWA-USDT",
      "takerOrderId": "67444aad68486d000777bac1",
      "time": "1732528813537000000",
      "tradeId": "5672968838068225",
      "type": "match",
      "time_received": "10:00:13.5805"
    },
    {
      "makerOrderId": "67444aadb7e21a0007518a14",
      "price": "0.03105",
      "sequence": "5672969187112961",
      "side": "buy",
      "size": "129",
      "symbol": "RWA-USDT",
      "takerOrderId": "67444aaed52cb80007eb7258",
      "time": "1732528814384000000",
      "tradeId": "5672969187112961",
      "type": "match",
      "time_received": "10:00:14.4293"
    },
    {
      "makerOrderId": "67444ab4f15b2700078e5072",
      "price": "0.031046",
      "sequence": "5672971354257409",
      "side": "buy",
      "size": "218",
      "symbol": "RWA-USDT",
      "takerOrderId": "67444ab40d855300070d00d3",
      "time": "1732528820365000000",
      "tradeId": "5672971354257409",
      "type": "match",
      "time_received": "10:00:20.4098"
    },
    {
      "makerOrderId": "67444ab70d855300070d1658",
      "price": "0.031041",
      "sequence": "5672972541900801",
      "side": "buy",
      "size": "448",
      "symbol": "RWA-USDT",
      "takerOrderId": "67444ab7b7e21a000751d01e",
      "time": "1732528823706000000",
      "tradeId": "5672972541900801",
      "type": "match",
      "time_received": "10:00:23.7496"
    },
    {
      "makerOrderId": "67444ab8b7e21a000751d64b",
      "price": "0.031039",
      "sequence": "5672972912441345",
      "side": "buy",
      "size": "413",
      "symbol": "RWA-USDT",
      "takerOrderId": "67444ab8f4a7c50007885767",
      "time": "1732528824752000000",
      "tradeId": "5672972912441345",
      "type": "match",
      "time_received": "10:00:24.8007"
    },
    {
      "makerOrderId": "67444ab8b7e21a000751d68c",
      "price": "0.031039",
      "sequence": "5672973214431233",
      "side": "buy",
      "size": "1542",
      "symbol": "RWA-USDT",
      "takerOrderId": "67444ab9088f010007966cc9",
      "time": "1732528825161000000",
      "tradeId": "5672973214431233",
      "type": "match",
      "time_received": "10:00:25.2062"
    },
    {
      "makerOrderId": "67444ab868486d0007780511",
      "price": "0.031041",
      "sequence": "5672973214431236",
      "side": "buy",
      "size": "1600",
      "symbol": "RWA-USDT",
      "takerOrderId": "67444ab9088f010007966cc9",
      "time": "1732528825161000000",
      "tradeId": "5672973214431236",
      "type": "match",
      "time_received": "10:00:25.2063"
    },
    {
      "makerOrderId": "67444aadb7e21a0007518a14",
      "price": "0.03105",
      "sequence": "5672973214431239",
      "side": "buy",
      "size": "15423",
      "symbol": "RWA-USDT",
      "takerOrderId": "67444ab9088f010007966cc9",
      "time": "1732528825161000000",
      "tradeId": "5672973214431239",
      "type": "match",
      "time_received": "10:00:25.2063"
    },
    {
      "makerOrderId": "67444aaab7e21a0007516d22",
      "price": "0.031222",
      "sequence": "5672973214431242",
      "side": "buy",
      "size": "11968",
      "symbol": "RWA-USDT",
      "takerOrderId": "67444ab9088f010007966cc9",
      "time": "1732528825161000000",
      "tradeId": "5672973214431242",
      "type": "match",
      "time_received": "10:00:25.2067"
    },
    {
      "makerOrderId": "67444abccf286a00072cf1bc",
      "price": "0.032995",
      "sequence": "5672974901590017",
      "side": "buy",
      "size": "725",
      "symbol": "RWA-USDT",
      "takerOrderId": "67444abcf4a7c50007887d19",
      "time": "1732528828716000000",
      "tradeId": "5672974901590017",
      "type": "match",
      "time_received": "10:00:28.7649"
    },
    {
      "makerOrderId": "67444abdc65bf70007216ee3",
      "price": "0.032998",
      "sequence": "5672975449733121",
      "side": "buy",
      "size": "151",
      "symbol": "RWA-USDT",
      "takerOrderId": "67444abe31d09500071974b4",
      "time": "1732528830204000000",
      "tradeId": "5672975449733121",
      "type": "match",
      "time_received": "10:00:30.2514"
    },
    {
      "makerOrderId": "67444abcd52cb80007ebe156",
      "price": "0.032999",
      "sequence": "5672975449733124",
      "side": "buy",
      "size": "1129",
      "symbol": "RWA-USDT",
      "takerOrderId": "67444abe31d09500071974b4",
      "time": "1732528830204000000",
      "tradeId": "5672975449733124",
      "type": "match",
      "time_received": "10:00:30.2517"
    },
    {
      "makerOrderId": "6744494cc65bf700071843c9",
      "price": "0.033",
      "sequence": "5672975449733127",
      "side": "buy",
      "size": "1447",
      "symbol": "RWA-USDT",
      "takerOrderId": "67444abe31d09500071974b4",
      "time": "1732528830204000000",
      "tradeId": "5672975449733127",
      "type": "match",
      "time_received": "10:00:30.2518"
    },
    {
      "makerOrderId": "6744494cc65bf700071843c9",
      "price": "0.033",
      "sequence": "5672975627991041",
      "side": "buy",
      "size": "2831",
      "symbol": "RWA-USDT",
      "takerOrderId": "67444abef4f1200007a6f713",
      "time": "1732528830660000000",
      "tradeId": "5672975627991041",
      "type": "match",
      "time_received": "10:00:30.7061"
    },
    {
      "makerOrderId": "6744494cc65bf700071843c9",
      "price": "0.033",
      "sequence": "5672975812409345",
      "side": "buy",
      "size": "10279",
      "symbol": "RWA-USDT",
      "takerOrderId": "67444abf088f010007969dbc",
      "time": "1732528831064000000",
      "tradeId": "5672975812409345",
      "type": "match",
      "time_received": "10:00:31.1103"
    },
    {
      "makerOrderId": "6744494cc65bf700071843c9",
      "price": "0.033",
      "sequence": "5672975975593985",
      "side": "buy",
      "size": "5566",
      "symbol": "RWA-USDT",
      "takerOrderId": "67444abff4a7c50007889199",
      "time": "1732528831557000000",
      "tradeId": "5672975975593985",
      "type": "match",
      "time_received": "10:00:31.6040"
    },
    {
      "makerOrderId": "67444ac26967d30007f22fa4",
      "price": "0.03241",
      "sequence": "5672977177393153",
      "side": "buy",
      "size": "312",
      "symbol": "RWA-USDT",
      "takerOrderId": "67444ac2b7e21a0007522c60",
      "time": "1732528834808000000",
      "tradeId": "5672977177393153",
      "type": "match",
      "time_received": "10:00:34.8509"
    },
    {
      "makerOrderId": "67444ac4ae93cc0007b6fe16",
      "price": "0.032209",
      "sequence": "5672977997772801",
      "side": "buy",
      "size": "3104",
      "symbol": "RWA-USDT",
      "takerOrderId": "67444ac531d095000719a9d5",
      "time": "1732528837137000000",
      "tradeId": "5672977997772801",
      "type": "match",
      "time_received": "10:00:37.1870"
    },
    {
      "makerOrderId": "67444ac331d095000719a122",
      "price": "0.032346",
      "sequence": "5672977997772804",
      "side": "buy",
      "size": "3091",
      "symbol": "RWA-USDT",
      "takerOrderId": "67444ac531d095000719a9d5",
      "time": "1732528837137000000",
      "tradeId": "5672977997772804",
      "type": "match",
      "time_received": "10:00:37.1872"
    },
    {
      "makerOrderId": "67444ac3d52cb80007ec16ff",
      "price": "0.03241",
      "sequence": "5672977997772807",
      "side": "buy",
      "size": "3085",
      "symbol": "RWA-USDT",
      "takerOrderId": "67444ac531d095000719a9d5",
      "time": "1732528837137000000",
      "tradeId": "5672977997772807",
      "type": "match",
      "time_received": "10:00:37.1872"
    },
    {
      "makerOrderId": "67444ac368486d0007786704",
      "price": "0.032507",
      "sequence": "5672977997772810",
      "side": "buy",
      "size": "3076",
      "symbol": "RWA-USDT",
      "takerOrderId": "67444ac531d095000719a9d5",
      "time": "1732528837137000000",
      "tradeId": "5672977997772810",
      "type": "match",
      "time_received": "10:00:37.1872"
    },
    {
      "makerOrderId": "67444ac30d855300070d7d1f",
      "price": "0.032603",
      "sequence": "5672977997772813",
      "side": "buy",
      "size": "3067",
      "symbol": "RWA-USDT",
      "takerOrderId": "67444ac531d095000719a9d5",
      "time": "1732528837137000000",
      "tradeId": "5672977997772813",
      "type": "match",
      "time_received": "10:00:37.1873"
    },
    {
      "makerOrderId": "6744494cc65bf700071843c9",
      "price": "0.033",
      "sequence": "5672977997772816",
      "side": "buy",
      "size": "1559",
      "symbol": "RWA-USDT",
      "takerOrderId": "67444ac531d095000719a9d5",
      "time": "1732528837137000000",
      "tradeId": "5672977997772816",
      "type": "match",
      "time_received": "10:00:37.1874"
    },
    {
      "makerOrderId": "6744494cf4a7c500077f56a5",
      "price": "0.033",
      "sequence": "5672977997772819",
      "side": "buy",
      "size": "11879",
      "symbol": "RWA-USDT",
      "takerOrderId": "67444ac531d095000719a9d5",
      "time": "1732528837137000000",
      "tradeId": "5672977997772819",
      "type": "match",
      "time_received": "10:00:37.1875"
    },
    {
      "makerOrderId": "67444ac531d095000719a9d5",
      "price": "0.033",
      "sequence": "5672979859388417",
      "side": "sell",
      "size": "728",
      "symbol": "RWA-USDT",
      "takerOrderId": "67444aca6967d30007f26c09",
      "time": "1732528842152000000",
      "tradeId": "5672979859388417",
      "type": "match",
      "time_received": "10:00:42.2016"
    },
    {
      "makerOrderId": "67444ac531d095000719a9d5",
      "price": "0.033",
      "sequence": "5672979874330625",
      "side": "sell",
      "size": "262",
      "symbol": "RWA-USDT",
      "takerOrderId": "67444acac65bf7000721d054",
      "time": "1732528842196000000",
      "tradeId": "5672979874330625",
      "type": "match",
      "time_received": "10:00:42.2371"
    },
    {
      "makerOrderId": "6744494c0d85530007042624",
      "price": "0.034",
      "sequence": "5672981989832705",
      "side": "buy",
      "size": "165101",
      "symbol": "RWA-USDT",
      "takerOrderId": "67444acf68486d000778c232",
      "time": "1732528847891000000",
      "tradeId": "5672981989832705",
      "type": "match",
      "time_received": "10:00:47.9367"
    },
    {
      "makerOrderId": "67444ad0f4a7c500078913a3",
      "price": "0.033017",
      "sequence": "5672982276618241",
      "side": "sell",
      "size": "3069",
      "symbol": "RWA-USDT",
      "takerOrderId": "67444ad0d52cb80007ec76ce",
      "time": "1732528848741000000",
      "tradeId": "5672982276618241",
      "type": "match",
      "time_received": "10:00:48.7861"
    },
    {
      "makerOrderId": "67444ad0f4a7c500078913a3",
      "price": "0.033017",
      "sequence": "5672982276880385",
      "side": "sell",
      "size": "45",
      "symbol": "RWA-USDT",
      "takerOrderId": "67444ad0f15b2700078f2d41",
      "time": "1732528848742000000",
      "tradeId": "5672982276880385",
      "type": "match",
      "time_received": "10:00:48.7863"
    },
    {
      "makerOrderId": "67444ad0cf286a00072d8a1a",
      "price": "0.033016",
      "sequence": "5672982276880388",
      "side": "sell",
      "size": "2238",
      "symbol": "RWA-USDT",
      "takerOrderId": "67444ad0f15b2700078f2d41",
      "time": "1732528848742000000",
      "tradeId": "5672982276880388",
      "type": "match",
      "time_received": "10:00:48.7863"
    },
    {
      "makerOrderId": "67444ad04fe7460007e98bf6",
      "price": "0.033016",
      "sequence": "5672982276880391",
      "side": "sell",
      "size": "1492",
      "symbol": "RWA-USDT",
      "takerOrderId": "67444ad0f15b2700078f2d41",
      "time": "1732528848742000000",
      "tradeId": "5672982276880391",
      "type": "match",
      "time_received": "10:00:48.7864"
    },
    {
      "makerOrderId": "67444ad06967d30007f297ec",
      "price": "0.033016",
      "sequence": "5672982276880394",
      "side": "sell",
      "size": "207",
      "symbol": "RWA-USDT",
      "takerOrderId": "67444ad0f15b2700078f2d41",
      "time": "1732528848742000000",
      "tradeId": "5672982276880394",
      "type": "match",
      "time_received": "10:00:48.7865"
    },
    {
      "makerOrderId": "67444ad00d855300070dda71",
      "price": "0.033016",
      "sequence": "5672982276880397",
      "side": "sell",
      "size": "1018",
      "symbol": "RWA-USDT",
      "takerOrderId": "67444ad0f15b2700078f2d41",
      "time": "1732528848742000000",
      "tradeId": "5672982276880397",
      "type": "match",
      "time_received": "10:00:48.7866"
    },
    {
      "makerOrderId": "67444ad00d855300070dda71",
      "price": "0.033016",
      "sequence": "5672982277011457",
      "side": "sell",
      "size": "474",
      "symbol": "RWA-USDT",
      "takerOrderId": "67444ad04fe7460007e98dcb",
      "time": "1732528848742000000",
      "tradeId": "5672982277011457",
      "type": "match",
      "time_received": "10:00:48.7866"
    },
    {
      "makerOrderId": "67444ac531d095000719a9d5",
      "price": "0.033",
      "sequence": "5672982277011460",
      "side": "sell",
      "size": "2571",
      "symbol": "RWA-USDT",
      "takerOrderId": "67444ad04fe7460007e98dcb",
      "time": "1732528848742000000",
      "tradeId": "5672982277011460",
      "type": "match",
      "time_received": "10:00:48.7866"
    },
    {
      "makerOrderId": "67444ac531d095000719a9d5",
      "price": "0.033",
      "sequence": "5672982277142529",
      "side": "sell",
      "size": "4764",
      "symbol": "RWA-USDT",
      "takerOrderId": "67444ad06967d30007f299de",
      "time": "1732528848742000000",
      "tradeId": "5672982277142529",
      "type": "match",
      "time_received": "10:00:48.7868"
    },
    {
      "makerOrderId": "67444ac531d095000719a9d5",
      "price": "0.033",
      "sequence": "5672982277273601",
      "side": "sell",
      "size": "3054",
      "symbol": "RWA-USDT",
      "takerOrderId": "67444ad0c65bf7000721fe25",
      "time": "1732528848742000000",
      "tradeId": "5672982277273601",
      "type": "match",
      "time_received": "10:00:48.7904"
    },
    {
      "makerOrderId": "67444ac531d095000719a9d5",
      "price": "0.033",
      "sequence": "5672982294181889",
      "side": "sell",
      "size": "3811",
      "symbol": "RWA-USDT",
      "takerOrderId": "67444ad0088f010007972311",
      "time": "1732528848804000000",
      "tradeId": "5672982294181889",
      "type": "match",
      "time_received": "10:00:48.8480"
    },
    {
      "makerOrderId": "67444ac531d095000719a9d5",
      "price": "0.033",
      "sequence": "5672982294444033",
      "side": "sell",
      "size": "3078",
      "symbol": "RWA-USDT",
      "takerOrderId": "67444ad0df6f6e000762b0e3",
      "time": "1732528848805000000",
      "tradeId": "5672982294444033",
      "type": "match",
      "time_received": "10:00:48.8483"
    },
    {
      "makerOrderId": "67444ac531d095000719a9d5",
      "price": "0.033",
      "sequence": "5672982294706177",
      "side": "sell",
      "size": "3069",
      "symbol": "RWA-USDT",
      "takerOrderId": "67444ad0cf286a00072d8caa",
      "time": "1732528848805000000",
      "tradeId": "5672982294706177",
      "type": "match",
      "time_received": "10:00:48.8485"
    },
    {
      "makerOrderId": "67444ad01586c100078d81cd",
      "price": "0.033999",
      "sequence": "5672982342547457",
      "side": "buy",
      "size": "1812",
      "symbol": "RWA-USDT",
      "takerOrderId": "67444ad0c65bf7000721ff01",
      "time": "1732528848902000000",
      "tradeId": "5672982342547457",
      "type": "match",
      "time_received": "10:00:48.9489"
    },
    {
      "makerOrderId": "67444ad1c5ba740007774fa4",
      "price": "0.033996",
      "sequence": "5672982743758849",
      "side": "buy",
      "size": "207",
      "symbol": "RWA-USDT",
      "takerOrderId": "67444ad1f4a7c50007891c63",
      "time": "1732528849908000000",
      "tradeId": "5672982743758849",
      "type": "match",
      "time_received": "10:00:49.9581"
    },
    {
      "makerOrderId": "67444ad1f4a7c50007891935",
      "price": "0.033996",
      "sequence": "5672982743758852",
      "side": "buy",
      "size": "1492",
      "symbol": "RWA-USDT",
      "takerOrderId": "67444ad1f4a7c50007891c63",
      "time": "1732528849908000000",
      "tradeId": "5672982743758852",
      "type": "match",
      "time_received": "10:00:49.9582"
    },
    {
      "makerOrderId": "67444ad137061e00073373e2",
      "price": "0.033996",
      "sequence": "5672982743758855",
      "side": "buy",
      "size": "1492",
      "symbol": "RWA-USDT",
      "takerOrderId": "67444ad1f4a7c50007891c63",
      "time": "1732528849908000000",
      "tradeId": "5672982743758855",
      "type": "match",
      "time_received": "10:00:49.9583"
    },
    {
      "makerOrderId": "67444ad11586c100078d845f",
      "price": "0.033997",
      "sequence": "5672982743758858",
      "side": "buy",
      "size": "425",
      "symbol": "RWA-USDT",
      "takerOrderId": "67444ad1f4a7c50007891c63",
      "time": "1732528849908000000",
      "tradeId": "5672982743758858",
      "type": "match",
      "time_received": "10:00:49.9584"
    },
    {
      "makerOrderId": "67444ad1cf286a00072d9200",
      "price": "0.033997",
      "sequence": "5672982743758861",
      "side": "buy",
      "size": "3113",
      "symbol": "RWA-USDT",
      "takerOrderId": "67444ad1f4a7c50007891c63",
      "time": "1732528849908000000",
      "tradeId": "5672982743758861",
      "type": "match",
      "time_received": "10:00:49.9584"
    },
    {
      "makerOrderId": "6744494c0d85530007042624",
      "price": "0.034",
      "sequence": "5672982743758864",
      "side": "buy",
      "size": "6140",
      "symbol": "RWA-USDT",
      "takerOrderId": "67444ad1f4a7c50007891c63",
      "time": "1732528849908000000",
      "tradeId": "5672982743758864",
      "type": "match",
      "time_received": "10:00:49.9584"
    },
    {
      "makerOrderId": "6744494c0d85530007042624",
      "price": "0.034",
      "sequence": "5672983139727361",
      "side": "buy",
      "size": "10230",
      "symbol": "RWA-USDT",
      "takerOrderId": "67444ad2088f01000797320b",
      "time": "1732528850911000000",
      "tradeId": "5672983139727361",
      "type": "match",
      "time_received": "10:00:50.9585"
    },
    {
      "makerOrderId": "67444ad3df6f6e000762c1ce",
      "price": "0.033007",
      "sequence": "5672983247599617",
      "side": "sell",
      "size": "3114",
      "symbol": "RWA-USDT",
      "takerOrderId": "67444ad3c5ba740007775b67",
      "time": "1732528851256000000",
      "tradeId": "5672983247599617",
      "type": "match",
      "time_received": "10:00:51.3020"
    },
    {
      "makerOrderId": "67444ad3df6f6e000762c1f7",
      "price": "0.033007",
      "sequence": "5672983247599620",
      "side": "sell",
      "size": "207",
      "symbol": "RWA-USDT",
      "takerOrderId": "67444ad3c5ba740007775b67",
      "time": "1732528851256000000",
      "tradeId": "5672983247599620",
      "type": "match",
      "time_received": "10:00:51.3021"
    },
    {
      "makerOrderId": "67444ad2f4a7c500078923d6",
      "price": "0.033006",
      "sequence": "5672983247599623",
      "side": "sell",
      "size": "2238",
      "symbol": "RWA-USDT",
      "takerOrderId": "67444ad3c5ba740007775b67",
      "time": "1732528851256000000",
      "tradeId": "5672983247599623",
      "type": "match",
      "time_received": "10:00:51.3022"
    },
    {
      "makerOrderId": "67444ad3c5ba740007775b67",
      "price": "0.033001",
      "sequence": "5672983474878465",
      "side": "buy",
      "size": "66555",
      "symbol": "RWA-USDT",
      "takerOrderId": "67444ad331d09500071a161d",
      "time": "1732528851926000000",
      "tradeId": "5672983474878465",
      "type": "match",
      "time_received": "10:00:51.9741"
    },
    {
      "makerOrderId": "67444ad3c5ba740007775b67",
      "price": "0.033001",
      "sequence": "5672983805442049",
      "side": "buy",
      "size": "16409",
      "symbol": "RWA-USDT",
      "takerOrderId": "67444ad4cf286a00072da71f",
      "time": "1732528852906000000",
      "tradeId": "5672983805442049",
      "type": "match",
      "time_received": "10:00:52.9543"
    },
    {
      "makerOrderId": "67444ad3c5ba740007775b67",
      "price": "0.033001",
      "sequence": "5672984192759809",
      "side": "buy",
      "size": "5301",
      "symbol": "RWA-USDT",
      "takerOrderId": "67444ad5f4f1200007a7a222",
      "time": "1732528853908000000",
      "tradeId": "5672984192759809",
      "type": "match",
      "time_received": "10:00:53.9511"
    },
    {
      "makerOrderId": "67444ad60d855300070e079d",
      "price": "0.033997",
      "sequence": "5672984607864833",
      "side": "buy",
      "size": "2420",
      "symbol": "RWA-USDT",
      "takerOrderId": "67444ad66967d30007f2c487",
      "time": "1732528854907000000",
      "tradeId": "5672984607864833",
      "type": "match",
      "time_received": "10:00:54.9514"
    },
    {
      "makerOrderId": "67444ad7df6f6e000762e04a",
      "price": "0.033994",
      "sequence": "5672984986138625",
      "side": "buy",
      "size": "207",
      "symbol": "RWA-USDT",
      "takerOrderId": "67444ad7f4f1200007a7b0ce",
      "time": "1732528855901000000",
      "tradeId": "5672984986138625",
      "type": "match",
      "time_received": "10:00:55.9496"
    },
    {
      "makerOrderId": "67444ad7c5ba740007777b19",
      "price": "0.033998",
      "sequence": "5672984986138628",
      "side": "buy",
      "size": "694",
      "symbol": "RWA-USDT",
      "takerOrderId": "67444ad7f4f1200007a7b0ce",
      "time": "1732528855901000000",
      "tradeId": "5672984986138628",
      "type": "match",
      "time_received": "10:00:55.9497"
    },
    {
      "makerOrderId": "67444ad737061e0007339d8e",
      "price": "0.033999",
      "sequence": "5672984986138631",
      "side": "buy",
      "size": "2238",
      "symbol": "RWA-USDT",
      "takerOrderId": "67444ad7f4f1200007a7b0ce",
      "time": "1732528855901000000",
      "tradeId": "5672984986138631",
      "type": "match",
      "time_received": "10:00:55.9498"
    },
    {
      "makerOrderId": "6744494c0d85530007042624",
      "price": "0.034",
      "sequence": "5672984986138634",
      "side": "buy",
      "size": "6026",
      "symbol": "RWA-USDT",
      "takerOrderId": "67444ad7f4f1200007a7b0ce",
      "time": "1732528855901000000",
      "tradeId": "5672984986138634",
      "type": "match",
      "time_received": "10:00:55.9498"
    },
    {
      "makerOrderId": "67444ad74fe7460007e9c01a",
      "price": "0.033007",
      "sequence": "5672985048004609",
      "side": "sell",
      "size": "2238",
      "symbol": "RWA-USDT",
      "takerOrderId": "67444ad80d855300070e0fb8",
      "time": "1732528856124000000",
      "tradeId": "5672985048004609",
      "type": "match",
      "time_received": "10:00:56.1704"
    },
    {
      "makerOrderId": "67444ad7088f010007975413",
      "price": "0.033006",
      "sequence": "5672985048004612",
      "side": "sell",
      "size": "3114",
      "symbol": "RWA-USDT",
      "takerOrderId": "67444ad80d855300070e0fb8",
      "time": "1732528856124000000",
      "tradeId": "5672985048004612",
      "type": "match",
      "time_received": "10:00:56.1705"
    },
    {
      "makerOrderId": "67444ad767cdc900073a695b",
      "price": "0.033001",
      "sequence": "5672985048004615",
      "side": "sell",
      "size": "1457",
      "symbol": "RWA-USDT",
      "takerOrderId": "67444ad80d855300070e0fb8",
      "time": "1732528856124000000",
      "tradeId": "5672985048004615",
      "type": "match",
      "time_received": "10:00:56.1706"
    },
    {
      "makerOrderId": "67444ad80d855300070e0fb8",
      "price": "0.033001",
      "sequence": "5672985331644417",
      "side": "buy",
      "size": "14481",
      "symbol": "RWA-USDT",
      "takerOrderId": "67444ad8c5ba740007778265",
      "time": "1732528856903000000",
      "tradeId": "5672985331644417",
      "type": "match",
      "time_received": "10:00:56.9508"
    },
    {
      "makerOrderId": "67444ad80d855300070e0fb8",
      "price": "0.033001",
      "sequence": "5672985613449217",
      "side": "buy",
      "size": "12038",
      "symbol": "RWA-USDT",
      "takerOrderId": "67444ad9f4a7c500078951b6",
      "time": "1732528857815000000",
      "tradeId": "5672985613449217",
      "type": "match",
      "time_received": "10:00:57.8614"
    },
    {
      "makerOrderId": "67444ad80d855300070e0fb8",
      "price": "0.033001",
      "sequence": "5672985663387649",
      "side": "buy",
      "size": "1811",
      "symbol": "RWA-USDT",
      "takerOrderId": "67444ad937061e000733ad00",
      "time": "1732528857926000000",
      "tradeId": "5672985663387649",
      "type": "match",
      "time_received": "10:00:57.9734"
    },
    {
      "makerOrderId": "67444ad80d855300070e0fb8",
      "price": "0.033001",
      "sequence": "5672986000898049",
      "side": "buy",
      "size": "11859",
      "symbol": "RWA-USDT",
      "takerOrderId": "67444ada37061e000733b337",
      "time": "1732528858919000000",
      "tradeId": "5672986000898049",
      "type": "match",
      "time_received": "10:00:58.9609"
    },
    {
      "makerOrderId": "67444ad80d855300070e0fb8",
      "price": "0.033001",
      "sequence": "5672986090420225",
      "side": "buy",
      "size": "7559",
      "symbol": "RWA-USDT",
      "takerOrderId": "67444adb31d09500071a469b",
      "time": "1732528859170000000",
      "tradeId": "5672986090420225",
      "type": "match",
      "time_received": "10:00:59.2142"
    },
    {
      "makerOrderId": "67444ad80d855300070e0fb8",
      "price": "0.033001",
      "sequence": "5672986148616193",
      "side": "buy",
      "size": "3025",
      "symbol": "RWA-USDT",
      "takerOrderId": "67444adb1586c100078dc84d",
      "time": "1732528859344000000",
      "tradeId": "5672986148616193",
      "type": "match",
      "time_received": "10:00:59.3909"
    },
    {
      "makerOrderId": "67444ad80d855300070e0fb8",
      "price": "0.033001",
      "sequence": "5672986321500161",
      "side": "buy",
      "size": "5235",
      "symbol": "RWA-USDT",
      "takerOrderId": "67444adbf1bf400007839a8c",
      "time": "1732528859899000000",
      "tradeId": "5672986321500161",
      "type": "match",
      "time_received": "10:00:59.9459"
    },
    {
      "makerOrderId": "67444adcf4f1200007a7cd81",
      "price": "0.033814",
      "sequence": "5672986709080065",
      "side": "buy",
      "size": "1600",
      "symbol": "RWA-USDT",
      "takerOrderId": "67444adcf1bf40000783a182",
      "time": "1732528860905000000",
      "tradeId": "5672986709080065",
      "type": "match",
      "time_received": "10:01:00.9507"
    },
    {
      "makerOrderId": "67444add6967d30007f2ef6a",
      "price": "0.0331",
      "sequence": "5672987024701441",
      "side": "sell",
      "size": "458",
      "symbol": "RWA-USDT",
      "takerOrderId": "67444add37061e000733c689",
      "time": "1732528861689000000",
      "tradeId": "5672987024701441",
      "type": "match",
      "time_received": "10:01:01.8260"
    },
    {
      "makerOrderId": "67444addd52cb80007eccdce",
      "price": "0.033003",
      "sequence": "5672987024701444",
      "side": "sell",
      "size": "3114",
      "symbol": "RWA-USDT",
      "takerOrderId": "67444add37061e000733c689",
      "time": "1732528861689000000",
      "tradeId": "5672987024701444",
      "type": "match",
      "time_received": "10:01:01.8261"
    },
    {
      "makerOrderId": "67444addf1bf40000783a469",
      "price": "0.033002",
      "sequence": "5672987024701447",
      "side": "sell",
      "size": "1497",
      "symbol": "RWA-USDT",
      "takerOrderId": "67444add37061e000733c689",
      "time": "1732528861689000000",
      "tradeId": "5672987024701447",
      "type": "match",
      "time_received": "10:01:01.8262"
    },
    {
      "makerOrderId": "67444add0d855300070e30d0",
      "price": "0.033002",
      "sequence": "5672987024701450",
      "side": "sell",
      "size": "1497",
      "symbol": "RWA-USDT",
      "takerOrderId": "67444add37061e000733c689",
      "time": "1732528861689000000",
      "tradeId": "5672987024701450",
      "type": "match",
      "time_received": "10:01:01.8262"
    },
    {
      "makerOrderId": "67444addc65bf7000722501a",
      "price": "0.033001",
      "sequence": "5672987024701453",
      "side": "sell",
      "size": "6228",
      "symbol": "RWA-USDT",
      "takerOrderId": "67444add37061e000733c689",
      "time": "1732528861689000000",
      "tradeId": "5672987024701453",
      "type": "match",
      "time_received": "10:01:01.8262"
    },
    {
      "makerOrderId": "67444add0d855300070e2fc9",
      "price": "0.033001",
      "sequence": "5672987024701456",
      "side": "sell",
      "size": "2238",
      "symbol": "RWA-USDT",
      "takerOrderId": "67444add37061e000733c689",
      "time": "1732528861689000000",
      "tradeId": "5672987024701456",
      "type": "match",
      "time_received": "10:01:01.8263"
    },
    {
      "makerOrderId": "67444ac531d095000719a9d5",
      "price": "0.033",
      "sequence": "5672987024701459",
      "side": "sell",
      "size": "10724",
      "symbol": "RWA-USDT",
      "takerOrderId": "67444add37061e000733c689",
      "time": "1732528861689000000",
      "tradeId": "5672987024701459",
      "type": "match",
      "time_received": "10:01:01.8263"
    },
    {
      "makerOrderId": "67444ac6c65bf7000721b2ad",
      "price": "0.033",
      "sequence": "5672987024701462",
      "side": "sell",
      "size": "3418",
      "symbol": "RWA-USDT",
      "takerOrderId": "67444add37061e000733c689",
      "time": "1732528861689000000",
      "tradeId": "5672987024701462",
      "type": "match",
      "time_received": "10:01:01.8263"
    },
    {
      "makerOrderId": "67444aca31d095000719d88a",
      "price": "0.033",
      "sequence": "5672987024701465",
      "side": "sell",
      "size": "448",
      "symbol": "RWA-USDT",
      "takerOrderId": "67444add37061e000733c689",
      "time": "1732528861689000000",
      "tradeId": "5672987024701465",
      "type": "match",
      "time_received": "10:01:01.8264"
    },
    {
      "makerOrderId": "67444acb67cdc900073a1856",
      "price": "0.033",
      "sequence": "5672987024701468",
      "side": "sell",
      "size": "238",
      "symbol": "RWA-USDT",
      "takerOrderId": "67444add37061e000733c689",
      "time": "1732528861689000000",
      "tradeId": "5672987024701468",
      "type": "match",
      "time_received": "10:01:01.8264"
    },
    {
      "makerOrderId": "67444accf15b2700078f10e4",
      "price": "0.033",
      "sequence": "5672987024701471",
      "side": "sell",
      "size": "12585",
      "symbol": "RWA-USDT",
      "takerOrderId": "67444add37061e000733c689",
      "time": "1732528861689000000",
      "tradeId": "5672987024701471",
      "type": "match",
      "time_received": "10:01:01.8265"
    },
    {
      "makerOrderId": "67444acd68486d000778b1c2",
      "price": "0.033",
      "sequence": "5672987024701474",
      "side": "sell",
      "size": "3030",
      "symbol": "RWA-USDT",
      "takerOrderId": "67444add37061e000733c689",
      "time": "1732528861689000000",
      "tradeId": "5672987024701474",
      "type": "match",
      "time_received": "10:01:01.8265"
    },
    {
      "makerOrderId": "67444acfae93cc0007b7520c",
      "price": "0.033",
      "sequence": "5672987024701477",
      "side": "sell",
      "size": "2419",
      "symbol": "RWA-USDT",
      "takerOrderId": "67444add37061e000733c689",
      "time": "1732528861689000000",
      "tradeId": "5672987024701477",
      "type": "match",
      "time_received": "10:01:01.8265"
    },
    {
      "makerOrderId": "67444acf67cdc900073a3550",
      "price": "0.033",
      "sequence": "5672987024701480",
      "side": "sell",
      "size": "628",
      "symbol": "RWA-USDT",
      "takerOrderId": "67444add37061e000733c689",
      "time": "1732528861689000000",
      "tradeId": "5672987024701480",
      "type": "match",
      "time_received": "10:01:01.8266"
    },
    {
      "makerOrderId": "67444ad068486d000778c5e9",
      "price": "0.033",
      "sequence": "5672987024701483",
      "side": "sell",
      "size": "121",
      "symbol": "RWA-USDT",
      "takerOrderId": "67444add37061e000733c689",
      "time": "1732528861689000000",
      "tradeId": "5672987024701483",
      "type": "match",
      "time_received": "10:01:01.8266"
    },
    {
      "makerOrderId": "67444ad0cf286a00072d8ab3",
      "price": "0.033",
      "sequence": "5672987024701486",
      "side": "sell",
      "size": "1943",
      "symbol": "RWA-USDT",
      "takerOrderId": "67444add37061e000733c689",
      "time": "1732528861689000000",
      "tradeId": "5672987024701486",
      "type": "match",
      "time_received": "10:01:01.8267"
    },
    {
      "makerOrderId": "67444ad54fe7460007e9aa46",
      "price": "0.033",
      "sequence": "5672987024701489",
      "side": "sell",
      "size": "3030",
      "symbol": "RWA-USDT",
      "takerOrderId": "67444add37061e000733c689",
      "time": "1732528861689000000",
      "tradeId": "5672987024701489",
      "type": "match",
      "time_received": "10:01:01.8267"
    },
    {
      "makerOrderId": "67444adbae93cc0007b79f94",
      "price": "0.033",
      "sequence": "5672987024701492",
      "side": "sell",
      "size": "1601",
      "symbol": "RWA-USDT",
      "takerOrderId": "67444add37061e000733c689",
      "time": "1732528861689000000",
      "tradeId": "5672987024701492",
      "type": "match",
      "time_received": "10:01:01.8272"
    },
    {
      "makerOrderId": "67444ade68486d0007792a9c",
      "price": "0.032831",
      "sequence": "5672987534440449",
      "side": "buy",
      "size": "2167",
      "symbol": "RWA-USDT",
      "takerOrderId": "67444aded52cb80007ecd9f8",
      "time": "1732528862876000000",
      "tradeId": "5672987534440449",
      "type": "match",
      "time_received": "10:01:02.9235"
    },
    {
      "makerOrderId": "67444adff15b2700078f938e",
      "price": "0.032508",
      "sequence": "5672987814934529",
      "side": "sell",
      "size": "3114",
      "symbol": "RWA-USDT",
      "takerOrderId": "67444adfc65bf700072265d2",
      "time": "1732528863615000000",
      "tradeId": "5672987814934529",
      "type": "match",
      "time_received": "10:01:03.6584"
    },
    {
      "makerOrderId": "67444ad21586c100078d8dde",
      "price": "0.032507",
      "sequence": "5672987814934532",
      "side": "sell",
      "size": "32845",
      "symbol": "RWA-USDT",
      "takerOrderId": "67444adfc65bf700072265d2",
      "time": "1732528863615000000",
      "tradeId": "5672987814934532",
      "type": "match",
      "time_received": "10:01:03.6585"
    },
    {
      "makerOrderId": "67444adfd52cb80007ecde69",
      "price": "0.03243",
      "sequence": "5672987814934535",
      "side": "sell",
      "size": "6228",
      "symbol": "RWA-USDT",
      "takerOrderId": "67444adfc65bf700072265d2",
      "time": "1732528863615000000",
      "tradeId": "5672987814934535",
      "type": "match",
      "time_received": "10:01:03.6587"
    },
    {
      "makerOrderId": "67444aca67cdc900073a11d0",
      "price": "0.03241",
      "sequence": "5672987814934538",
      "side": "sell",
      "size": "100",
      "symbol": "RWA-USDT",
      "takerOrderId": "67444adfc65bf700072265d2",
      "time": "1732528863615000000",
      "tradeId": "5672987814934538",
      "type": "match",
      "time_received": "10:01:03.6588"
    },
    {
      "makerOrderId": "67444adfc65bf700072265d2",
      "price": "0.03241",
      "sequence": "5672987823192065",
      "side": "buy",
      "size": "3023",
      "symbol": "RWA-USDT",
      "takerOrderId": "67444adfd52cb80007ecdeec",
      "time": "1732528863644000000",
      "tradeId": "5672987823192065",
      "type": "match",
      "time_received": "10:01:03.6922"
    },
    {
      "makerOrderId": "67444adfc65bf700072265d2",
      "price": "0.03241",
      "sequence": "5672987823716353",
      "side": "buy",
      "size": "3014",
      "symbol": "RWA-USDT",
      "takerOrderId": "67444adf37061e000733d666",
      "time": "1732528863646000000",
      "tradeId": "5672987823716353",
      "type": "match",
      "time_received": "10:01:03.6923"
    },
    {
      "makerOrderId": "67444adfc65bf700072265d2",
      "price": "0.03241",
      "sequence": "5672987823847425",
      "side": "buy",
      "size": "4691",
      "symbol": "RWA-USDT",
      "takerOrderId": "67444adfdf6f6e00076319b1",
      "time": "1732528863646000000",
      "tradeId": "5672987823847425",
      "type": "match",
      "time_received": "10:01:03.6924"
    },
    {
      "makerOrderId": "67444adfc5ba74000777b337",
      "price": "0.032409",
      "sequence": "5672987935913985",
      "side": "buy",
      "size": "3114",
      "symbol": "RWA-USDT",
      "takerOrderId": "67444adff1bf40000783baf9",
      "time": "1732528863902000000",
      "tradeId": "5672987935913985",
      "type": "match",
      "time_received": "10:01:03.9498"
    },
    {
      "makerOrderId": "67444adfc65bf700072265d2",
      "price": "0.03241",
      "sequence": "5672987935913988",
      "side": "buy",
      "size": "863",
      "symbol": "RWA-USDT",
      "takerOrderId": "67444adff1bf40000783baf9",
      "time": "1732528863902000000",
      "tradeId": "5672987935913988",
      "type": "match",
      "time_received": "10:01:03.9501"
    },
    {
      "makerOrderId": "67444ae00d855300070e4d57",
      "price": "0.032408",
      "sequence": "5672988342761473",
      "side": "buy",
      "size": "2238",
      "symbol": "RWA-USDT",
      "takerOrderId": "67444ae0088f0100079795c0",
      "time": "1732528864903000000",
      "tradeId": "5672988342761473",
      "type": "match",
      "time_received": "10:01:04.9511"
    },
    {
      "makerOrderId": "67444ae0088f0100079790f8",
      "price": "0.032531",
      "sequence": "5672988342761476",
      "side": "buy",
      "size": "3074",
      "symbol": "RWA-USDT",
      "takerOrderId": "67444ae0088f0100079795c0",
      "time": "1732528864903000000",
      "tradeId": "5672988342761476",
      "type": "match",
      "time_received": "10:01:04.9513"
    },
    {
      "makerOrderId": "67444ae0c65bf70007226ea6",
      "price": "0.032627",
      "sequence": "5672988342761479",
      "side": "buy",
      "size": "2637",
      "symbol": "RWA-USDT",
      "takerOrderId": "67444ae0088f0100079795c0",
      "time": "1732528864903000000",
      "tradeId": "5672988342761479",
      "type": "match",
      "time_received": "10:01:04.9514"
    },
    {
      "makerOrderId": "67444ae01586c100078df479",
      "price": "0.03253",
      "sequence": "5672988488644609",
      "side": "buy",
      "size": "3058",
      "symbol": "RWA-USDT",
      "takerOrderId": "67444ae1f4f1200007a7f45a",
      "time": "1732528865203000000",
      "tradeId": "5672988488644609",
      "type": "match",
      "time_received": "10:01:05.2471"
    },
    {
      "makerOrderId": "67444ae01586c100078df479",
      "price": "0.03253",
      "sequence": "5672988488775681",
      "side": "buy",
      "size": "56",
      "symbol": "RWA-USDT",
      "takerOrderId": "67444ae1c65bf70007227331",
      "time": "1732528865203000000",
      "tradeId": "5672988488775681",
      "type": "match",
      "time_received": "10:01:05.2472"
    },
    {
      "makerOrderId": "67444ae1f15b2700078fa109",
      "price": "0.032626",
      "sequence": "5672988488775684",
      "side": "buy",
      "size": "638",
      "symbol": "RWA-USDT",
      "takerOrderId": "67444ae1c65bf70007227331",
      "time": "1732528865203000000",
      "tradeId": "5672988488775684",
      "type": "match",
      "time_received": "10:01:05.2472"
    },
    {
      "makerOrderId": "67444ae00d855300070e5058",
      "price": "0.032669",
      "sequence": "5672988488775687",
      "side": "buy",
      "size": "6228",
      "symbol": "RWA-USDT",
      "takerOrderId": "67444ae1c65bf70007227331",
      "time": "1732528865203000000",
      "tradeId": "5672988488775687",
      "type": "match",
      "time_received": "10:01:05.2474"
    },
    {
      "makerOrderId": "67444ae068486d000779342b",
      "price": "0.03267",
      "sequence": "5672988488775690",
      "side": "buy",
      "size": "58731",
      "symbol": "RWA-USDT",
      "takerOrderId": "67444ae1c65bf70007227331",
      "time": "1732528865203000000",
      "tradeId": "5672988488775690",
      "type": "match",
      "time_received": "10:01:05.2475"
    },
    {
      "makerOrderId": "67444ae068486d000779342b",
      "price": "0.03267",
      "sequence": "5672988488906753",
      "side": "buy",
      "size": "4917",
      "symbol": "RWA-USDT",
      "takerOrderId": "67444ae10d855300070e5247",
      "time": "1732528865203000000",
      "tradeId": "5672988488906753",
      "type": "match",
      "time_received": "10:01:05.2475"
    },
    {
      "makerOrderId": "67444ae16967d30007f3140f",
      "price": "0.032706",
      "sequence": "5672988771366913",
      "side": "buy",
      "size": "1497",
      "symbol": "RWA-USDT",
      "takerOrderId": "67444ae1c65bf700072278a9",
      "time": "1732528865929000000",
      "tradeId": "5672988771366913",
      "type": "match",
      "time_received": "10:01:05.9751"
    },
    {
      "makerOrderId": "67444ae1cf286a00072e0507",
      "price": "0.032707",
      "sequence": "5672988771366916",
      "side": "buy",
      "size": "1497",
      "symbol": "RWA-USDT",
      "takerOrderId": "67444ae1c65bf700072278a9",
      "time": "1732528865929000000",
      "tradeId": "5672988771366916",
      "type": "match",
      "time_received": "10:01:05.9752"
    },
    {
      "makerOrderId": "67444ae2f1bf40000783d4b6",
      "price": "0.032017",
      "sequence": "5672989188700161",
      "side": "sell",
      "size": "1538",
      "symbol": "RWA-USDT",
      "takerOrderId": "67444ae2cf286a00072e0efb",
      "time": "1732528866924000000",
      "tradeId": "5672989188700161",
      "type": "match",
      "time_received": "10:01:06.9706"
    },
    {
      "makerOrderId": "67444ae2df6f6e00076334c0",
      "price": "0.032017",
      "sequence": "5672989188700164",
      "side": "sell",
      "size": "622",
      "symbol": "RWA-USDT",
      "takerOrderId": "67444ae2cf286a00072e0efb",
      "time": "1732528866924000000",
      "tradeId": "5672989188700164",
      "type": "match",
      "time_received": "10:01:06.9707"
    },
    {
      "makerOrderId": "67444ae2d52cb80007ecf9d2",
      "price": "0.032016",
      "sequence": "5672989188700167",
      "side": "sell",
      "size": "6228",
      "symbol": "RWA-USDT",
      "takerOrderId": "67444ae2cf286a00072e0efb",
      "time": "1732528866924000000",
      "tradeId": "5672989188700167",
      "type": "match",
      "time_received": "10:01:06.9708"
    },
    {
      "makerOrderId": "67444ae2ae93cc0007b7dc42",
      "price": "0.032016",
      "sequence": "5672989188700170",
      "side": "sell",
      "size": "1539",
      "symbol": "RWA-USDT",
      "takerOrderId": "67444ae2cf286a00072e0efb",
      "time": "1732528866924000000",
      "tradeId": "5672989188700170",
      "type": "match",
      "time_received": "10:01:06.9708"
    },
    {
      "makerOrderId": "67444ae2f15b2700078fac08",
      "price": "0.032015",
      "sequence": "5672989188700173",
      "side": "sell",
      "size": "2238",
      "symbol": "RWA-USDT",
      "takerOrderId": "67444ae2cf286a00072e0efb",
      "time": "1732528866924000000",
      "tradeId": "5672989188700173",
      "type": "match",
      "time_received": "10:01:06.9710"
    },
    {
      "makerOrderId": "67444ac5f1bf40000782fee1",
      "price": "0.032",
      "sequence": "5672989188700176",
      "side": "sell",
      "size": "7796",
      "symbol": "RWA-USDT",
      "takerOrderId": "67444ae2cf286a00072e0efb",
      "time": "1732528866924000000",
      "tradeId": "5672989188700176",
      "type": "match",
      "time_received": "10:01:06.9711"
    },
    {
      "makerOrderId": "67444ae36967d30007f322d8",
      "price": "0.031996",
      "sequence": "5672989502748673",
      "side": "buy",
      "size": "101",
      "symbol": "RWA-USDT",
      "takerOrderId": "67444ae31586c100078e0d4c",
      "time": "1732528867744000000",
      "tradeId": "5672989502748673",
      "type": "match",
      "time_received": "10:01:07.7886"
    },
    {
      "makerOrderId": "67444ae36967d30007f322d8",
      "price": "0.031996",
      "sequence": "5672989542856705",
      "side": "buy",
      "size": "846",
      "symbol": "RWA-USDT",
      "takerOrderId": "67444ae331d09500071a8d67",
      "time": "1732528867875000000",
      "tradeId": "5672989542856705",
      "type": "match",
      "time_received": "10:01:07.9246"
    },
    {
      "makerOrderId": "67444ae30d855300070e6497",
      "price": "0.031997",
      "sequence": "5672989542856708",
      "side": "buy",
      "size": "2238",
      "symbol": "RWA-USDT",
      "takerOrderId": "67444ae331d09500071a8d67",
      "time": "1732528867875000000",
      "tradeId": "5672989542856708",
      "type": "match",
      "time_received": "10:01:07.9247"
    },
    {
      "makerOrderId": "67444ae3f15b2700078fb365",
      "price": "0.031998",
      "sequence": "5672989542856711",
      "side": "buy",
      "size": "2646",
      "symbol": "RWA-USDT",
      "takerOrderId": "67444ae331d09500071a8d67",
      "time": "1732528867875000000",
      "tradeId": "5672989542856711",
      "type": "match",
      "time_received": "10:01:07.9248"
    },
    {
      "makerOrderId": "67444ac6cf286a00072d401d",
      "price": "0.031222",
      "sequence": "5672989641160705",
      "side": "sell",
      "size": "8089",
      "symbol": "RWA-USDT",
      "takerOrderId": "67444ae4f1bf40000783df56",
      "time": "1732528868106000000",
      "tradeId": "5672989641160705",
      "type": "match",
      "time_received": "10:01:08.1518"
    },
    {
      "makerOrderId": "67444ae41586c100078e1480",
      "price": "0.032465",
      "sequence": "5672989913921537",
      "side": "buy",
      "size": "1539",
      "symbol": "RWA-USDT",
      "takerOrderId": "67444ae46967d30007f32d07",
      "time": "1732528868921000000",
      "tradeId": "5672989913921537",
      "type": "match",
      "time_received": "10:01:08.9674"
    },
    {
      "makerOrderId": "67444ae4088f01000797b451",
      "price": "0.032466",
      "sequence": "5672989913921540",
      "side": "buy",
      "size": "304",
      "symbol": "RWA-USDT",
      "takerOrderId": "67444ae46967d30007f32d07",
      "time": "1732528868921000000",
      "tradeId": "5672989913921540",
      "type": "match",
      "time_received": "10:01:08.9675"
    },
    {
      "makerOrderId": "67444ae5f4a7c5000789abcc",
      "price": "0.032462",
      "sequence": "5672990240159745",
      "side": "buy",
      "size": "6228",
      "symbol": "RWA-USDT",
      "takerOrderId": "67444ae56967d30007f332be",
      "time": "1732528869903000000",
      "tradeId": "5672990240159745",
      "type": "match",
      "time_received": "10:01:09.9502"
    },
    {
      "makerOrderId": "67444ae5ae93cc0007b7f0d5",
      "price": "0.032463",
      "sequence": "5672990240159748",
      "side": "buy",
      "size": "622",
      "symbol": "RWA-USDT",
      "takerOrderId": "67444ae56967d30007f332be",
      "time": "1732528869903000000",
      "tradeId": "5672990240159748",
      "type": "match",
      "time_received": "10:01:09.9502"
    },
    {
      "makerOrderId": "67444ae5088f01000797b9d0",
      "price": "0.032463",
      "sequence": "5672990240159751",
      "side": "buy",
      "size": "1132",
      "symbol": "RWA-USDT",
      "takerOrderId": "67444ae56967d30007f332be",
      "time": "1732528869903000000",
      "tradeId": "5672990240159751",
      "type": "match",
      "time_received": "10:01:09.9503"
    },
    {
      "makerOrderId": "67444ae76967d30007f341f1",
      "price": "0.032685",
      "sequence": "5672990986876929",
      "side": "buy",
      "size": "406",
      "symbol": "RWA-USDT",
      "takerOrderId": "67444ae7d52cb80007ed1fcb",
      "time": "1732528871872000000",
      "tradeId": "5672990986876929",
      "type": "match",
      "time_received": "10:01:11.9229"
    },
    {
      "makerOrderId": "67444ae7d52cb80007ed1c49",
      "price": "0.032686",
      "sequence": "5672990986876932",
      "side": "buy",
      "size": "640",
      "symbol": "RWA-USDT",
      "takerOrderId": "67444ae7d52cb80007ed1fcb",
      "time": "1732528871872000000",
      "tradeId": "5672990986876932",
      "type": "match",
      "time_received": "10:01:11.9231"
    },
    {
      "makerOrderId": "67444ae6d52cb80007ed13f1",
      "price": "0.032691",
      "sequence": "5672990986876935",
      "side": "buy",
      "size": "392",
      "symbol": "RWA-USDT",
      "takerOrderId": "67444ae7d52cb80007ed1fcb",
      "time": "1732528871872000000",
      "tradeId": "5672990986876935",
      "type": "match",
      "time_received": "10:01:11.9231"
    },
    {
      "makerOrderId": "67444ae6d52cb80007ed13f1",
      "price": "0.032691",
      "sequence": "5672991055427585",
      "side": "buy",
      "size": "347",
      "symbol": "RWA-USDT",
      "takerOrderId": "67444ae70d855300070e864f",
      "time": "1732528872021000000",
      "tradeId": "5672991055427585",
      "type": "match",
      "time_received": "10:01:12.0694"
    },
    {
      "makerOrderId": "67444ae6d52cb80007ed13f1",
      "price": "0.032691",
      "sequence": "5672991101958145",
      "side": "buy",
      "size": "2319",
      "symbol": "RWA-USDT",
      "takerOrderId": "67444ae8f1bf40000783fbc6",
      "time": "1732528872155000000",
      "tradeId": "5672991101958145",
      "type": "match",
      "time_received": "10:01:12.2023"
    },
    {
      "makerOrderId": "67444ae667cdc900073ad93c",
      "price": "0.032789",
      "sequence": "5672991101958148",
      "side": "buy",
      "size": "3049",
      "symbol": "RWA-USDT",
      "takerOrderId": "67444ae8f1bf40000783fbc6",
      "time": "1732528872155000000",
      "tradeId": "5672991101958148",
      "type": "match",
      "time_received": "10:01:12.2024"
    },
    {
      "makerOrderId": "67444ae667cdc900073ad93d",
      "price": "0.032854",
      "sequence": "5672991101958151",
      "side": "buy",
      "size": "3043",
      "symbol": "RWA-USDT",
      "takerOrderId": "67444ae8f1bf40000783fbc6",
      "time": "1732528872155000000",
      "tradeId": "5672991101958151",
      "type": "match",
      "time_received": "10:01:12.2025"
    },
    {
      "makerOrderId": "67444ae6f15b2700078fca8d",
      "price": "0.032952",
      "sequence": "5672991101958154",
      "side": "buy",
      "size": "3034",
      "symbol": "RWA-USDT",
      "takerOrderId": "67444ae8f1bf40000783fbc6",
      "time": "1732528872155000000",
      "tradeId": "5672991101958154",
      "type": "match",
      "time_received": "10:01:12.2025"
    },
    {
      "makerOrderId": "67444ae8f1bf40000783fbc6",
      "price": "0.032952",
      "sequence": "5672991113230337",
      "side": "sell",
      "size": "3042",
      "symbol": "RWA-USDT",
      "takerOrderId": "67444ae8f1bf40000783fc0b",
      "time": "1732528872185000000",
      "tradeId": "5672991113230337",
      "type": "match",
      "time_received": "10:01:12.2328"
    },
    {
      "makerOrderId": "67444ae8f1bf40000783fbc6",
      "price": "0.032952",
      "sequence": "5672991114147841",
      "side": "sell",
      "size": "513",
      "symbol": "RWA-USDT",
      "takerOrderId": "67444ae8d52cb80007ed2196",
      "time": "1732528872187000000",
      "tradeId": "5672991114147841",
      "type": "match",
      "time_received": "10:01:12.2329"
    },
    {
      "makerOrderId": "67444ae8cf286a00072e388f",
      "price": "0.032882",
      "sequence": "5672991296337921",
      "side": "buy",
      "size": "121",
      "symbol": "RWA-USDT",
      "takerOrderId": "67444ae8d52cb80007ed2556",
      "time": "1732528872715000000",
      "tradeId": "5672991296337921",
      "type": "match",
      "time_received": "10:01:12.7635"
    },
    {
      "makerOrderId": "67444ae8cf286a00072e388f",
      "price": "0.032882",
      "sequence": "5672991377209345",
      "side": "buy",
      "size": "748",
      "symbol": "RWA-USDT",
      "takerOrderId": "67444ae8cf286a00072e3bd3",
      "time": "1732528872898000000",
      "tradeId": "5672991377209345",
      "type": "match",
      "time_received": "10:01:12.9431"
    },
    {
      "makerOrderId": "67444aeaf4f1200007a83a46",
      "price": "0.032983",
      "sequence": "5672991949076481",
      "side": "buy",
      "size": "3031",
      "symbol": "RWA-USDT",
      "takerOrderId": "67444aea1586c100078e3d9f",
      "time": "1732528874732000000",
      "tradeId": "5672991949076481",
      "type": "match",
      "time_received": "10:01:14.7805"
    },
    {
      "makerOrderId": "6744494c0d85530007042624",
      "price": "0.034",
      "sequence": "5672991991543809",
      "side": "buy",
      "size": "1636",
      "symbol": "RWA-USDT",
      "takerOrderId": "67444aead52cb80007ed34d9",
      "time": "1732528874875000000",
      "tradeId": "5672991991543809",
      "type": "match",
      "time_received": "10:01:14.9221"
    },
    {
      "makerOrderId": "67444aea1586c100078e3d9f",
      "price": "0.033001",
      "sequence": "5672992353695745",
      "side": "sell",
      "size": "1172",
      "symbol": "RWA-USDT",
      "takerOrderId": "67444aeb6967d30007f35e31",
      "time": "1732528875866000000",
      "tradeId": "5672992353695745",
      "type": "match",
      "time_received": "10:01:15.9143"
    },
    {
      "makerOrderId": "67444aeb6967d30007f35e31",
      "price": "0.032",
      "sequence": "5672992754907137",
      "side": "buy",
      "size": "6166",
      "symbol": "RWA-USDT",
      "takerOrderId": "67444aecb7e21a00075362bc",
      "time": "1732528876872000000",
      "tradeId": "5672992754907137",
      "type": "match",
      "time_received": "10:01:16.9202"
    },
    {
      "makerOrderId": "67444aeb6967d30007f35e31",
      "price": "0.032",
      "sequence": "5672992858191873",
      "side": "buy",
      "size": "424",
      "symbol": "RWA-USDT",
      "takerOrderId": "67444aedf15b2700078ffc56",
      "time": "1732528877059000000",
      "tradeId": "5672992858191873",
      "type": "match",
      "time_received": "10:01:17.1064"
    },
    {
      "makerOrderId": "67444aeb6967d30007f35e31",
      "price": "0.032",
      "sequence": "5672993061484545",
      "side": "buy",
      "size": "20390",
      "symbol": "RWA-USDT",
      "takerOrderId": "67444aed31d09500071ad3dc",
      "time": "1732528877549000000",
      "tradeId": "5672993061484545",
      "type": "match",
      "time_received": "10:01:17.5916"
    },
    {
      "makerOrderId": "67444aeb6967d30007f35e31",
      "price": "0.032",
      "sequence": "5672993211430913",
      "side": "buy",
      "size": "622",
      "symbol": "RWA-USDT",
      "takerOrderId": "67444aedd52cb80007ed4d98",
      "time": "1732528877900000000",
      "tradeId": "5672993211430913",
      "type": "match",
      "time_received": "10:01:17.9475"
    },
    {
      "makerOrderId": "67444aeb6967d30007f35e31",
      "price": "0.032",
      "sequence": "5672993535440897",
      "side": "buy",
      "size": "15355",
      "symbol": "RWA-USDT",
      "takerOrderId": "67444aee4fe7460007ea6cc5",
      "time": "1732528878899000000",
      "tradeId": "5672993535440897",
      "type": "match",
      "time_received": "10:01:18.9424"
    },
    {
      "makerOrderId": "67444aef0d855300070ec093",
      "price": "0.031607",
      "sequence": "5672993996683265",
      "side": "sell",
      "size": "6228",
      "symbol": "RWA-USDT",
      "takerOrderId": "67444af031d09500071ae6dc",
      "time": "1732528880225000000",
      "tradeId": "5672993996683265",
      "type": "match",
      "time_received": "10:01:20.2714"
    },
    {
      "makerOrderId": "67444af00d855300070ec0f0",
      "price": "0.031607",
      "sequence": "5672993996683268",
      "side": "sell",
      "size": "3114",
      "symbol": "RWA-USDT",
      "takerOrderId": "67444af031d09500071ae6dc",
      "time": "1732528880225000000",
      "tradeId": "5672993996683268",
      "type": "match",
      "time_received": "10:01:20.2715"
    },
    {
      "makerOrderId": "67444af04fe7460007ea768d",
      "price": "0.031607",
      "sequence": "5672993996683271",
      "side": "sell",
      "size": "2376",
      "symbol": "RWA-USDT",
      "takerOrderId": "67444af031d09500071ae6dc",
      "time": "1732528880225000000",
      "tradeId": "5672993996683271",
      "type": "match",
      "time_received": "10:01:20.2716"
    },
    {
      "makerOrderId": "67444aefc65bf7000722e1e5",
      "price": "0.031606",
      "sequence": "5672993996683274",
      "side": "sell",
      "size": "715",
      "symbol": "RWA-USDT",
      "takerOrderId": "67444af031d09500071ae6dc",
      "time": "1732528880225000000",
      "tradeId": "5672993996683274",
      "type": "match",
      "time_received": "10:01:20.2716"
    },
    {
      "makerOrderId": "67444aefae93cc0007b83c9c",
      "price": "0.031606",
      "sequence": "5672993996683277",
      "side": "sell",
      "size": "1554",
      "symbol": "RWA-USDT",
      "takerOrderId": "67444af031d09500071ae6dc",
      "time": "1732528880225000000",
      "tradeId": "5672993996683277",
      "type": "match",
      "time_received": "10:01:20.2716"
    },
    {
      "makerOrderId": "67444aefae93cc0007b83cac",
      "price": "0.031606",
      "sequence": "5672993996683280",
      "side": "sell",
      "size": "1554",
      "symbol": "RWA-USDT",
      "takerOrderId": "67444af031d09500071ae6dc",
      "time": "1732528880225000000",
      "tradeId": "5672993996683280",
      "type": "match",
      "time_received": "10:01:20.2718"
    },
    {
      "makerOrderId": "67444aed6967d30007f36c22",
      "price": "0.0316",
      "sequence": "5672993996683283",
      "side": "sell",
      "size": "1905",
      "symbol": "RWA-USDT",
      "takerOrderId": "67444af031d09500071ae6dc",
      "time": "1732528880225000000",
      "tradeId": "5672993996683283",
      "type": "match",
      "time_received": "10:01:20.2718"
    },
    {
      "makerOrderId": "67444af06967d30007f38091",
      "price": "0.031598",
      "sequence": "5672994225010689",
      "side": "buy",
      "size": "3114",
      "symbol": "RWA-USDT",
      "takerOrderId": "67444af0ae93cc0007b84306",
      "time": "1732528880872000000",
      "tradeId": "5672994225010689",
      "type": "match",
      "time_received": "10:01:20.9143"
    },
    {
      "makerOrderId": "67444af0d52cb80007ed5dc9",
      "price": "0.031599",
      "sequence": "5672994225010692",
      "side": "buy",
      "size": "2376",
      "symbol": "RWA-USDT",
      "takerOrderId": "67444af0ae93cc0007b84306",
      "time": "1732528880872000000",
      "tradeId": "5672994225010692",
      "type": "match",
      "time_received": "10:01:20.9144"
    },
    {
      "makerOrderId": "67444af0c65bf7000722e51e",
      "price": "0.031599",
      "sequence": "5672994225010695",
      "side": "buy",
      "size": "5251",
      "symbol": "RWA-USDT",
      "takerOrderId": "67444af0ae93cc0007b84306",
      "time": "1732528880872000000",
      "tradeId": "5672994225010695",
      "type": "match",
      "time_received": "10:01:20.9200"
    },
    {
      "makerOrderId": "67444af1cf286a00072e772b",
      "price": "0.031599",
      "sequence": "5672994600794113",
      "side": "buy",
      "size": "977",
      "symbol": "RWA-USDT",
      "takerOrderId": "67444af1f1bf400007844205",
      "time": "1732528881902000000",
      "tradeId": "5672994600794113",
      "type": "match",
      "time_received": "10:01:21.9451"
    },
    {
      "makerOrderId": "67444af031d09500071ae6dc",
      "price": "0.0316",
      "sequence": "5672994600794116",
      "side": "buy",
      "size": "1785",
      "symbol": "RWA-USDT",
      "takerOrderId": "67444af1f1bf400007844205",
      "time": "1732528881902000000",
      "tradeId": "5672994600794116",
      "type": "match",
      "time_received": "10:01:21.9452"
    },
    {
      "makerOrderId": "67444af031d09500071ae6dc",
      "price": "0.0316",
      "sequence": "5672994893740033",
      "side": "buy",
      "size": "157",
      "symbol": "RWA-USDT",
      "takerOrderId": "67444af231d09500071af73f",
      "time": "1732528882694000000",
      "tradeId": "5672994893740033",
      "type": "match",
      "time_received": "10:01:22.7401"
    },
    {
      "makerOrderId": "67444af031d09500071ae6dc",
      "price": "0.0316",
      "sequence": "5672994966353921",
      "side": "buy",
      "size": "3521",
      "symbol": "RWA-USDT",
      "takerOrderId": "67444af2f4a7c500078a0ca3",
      "time": "1732528882905000000",
      "tradeId": "5672994966353921",
      "type": "match",
      "time_received": "10:01:22.9529"
    },
    {
      "makerOrderId": "67444af031d09500071ae6dc",
      "price": "0.0316",
      "sequence": "5672995299538945",
      "side": "buy",
      "size": "4723",
      "symbol": "RWA-USDT",
      "takerOrderId": "67444af3cf286a00072e88bd",
      "time": "1732528883916000000",
      "tradeId": "5672995299538945",
      "type": "match",
      "time_received": "10:01:23.9646"
    },
    {
      "makerOrderId": "67444af5cf286a00072e9231",
      "price": "0.031648",
      "sequence": "5672995904436225",
      "side": "buy",
      "size": "932",
      "symbol": "RWA-USDT",
      "takerOrderId": "67444af5d52cb80007ed8068",
      "time": "1732528885875000000",
      "tradeId": "5672995904436225",
      "type": "match",
      "time_received": "10:01:25.9228"
    },
    {
      "makerOrderId": "67444af74fe7460007eaa3b5",
      "price": "0.031645",
      "sequence": "5672996436850689",
      "side": "buy",
      "size": "622",
      "symbol": "RWA-USDT",
      "takerOrderId": "67444af7df6f6e000763c371",
      "time": "1732528887245000000",
      "tradeId": "5672996436850689",
      "type": "match",
      "time_received": "10:01:27.2927"
    },
    {
      "makerOrderId": "67444af767cdc900073b4f0e",
      "price": "0.031645",
      "sequence": "5672996436850692",
      "side": "buy",
      "size": "715",
      "symbol": "RWA-USDT",
      "takerOrderId": "67444af7df6f6e000763c371",
      "time": "1732528887245000000",
      "tradeId": "5672996436850692",
      "type": "match",
      "time_received": "10:01:27.2928"
    },
    {
      "makerOrderId": "67444af768486d000779db4f",
      "price": "0.031645",
      "sequence": "5672996436850695",
      "side": "buy",
      "size": "1554",
      "symbol": "RWA-USDT",
      "takerOrderId": "67444af7df6f6e000763c371",
      "time": "1732528887245000000",
      "tradeId": "5672996436850695",
      "type": "match",
      "time_received": "10:01:27.2929"
    },
    {
      "makerOrderId": "67444af74fe7460007eaa8ec",
      "price": "0.031652",
      "sequence": "5672996707907585",
      "side": "sell",
      "size": "3114",
      "symbol": "RWA-USDT",
      "takerOrderId": "67444af7c5ba74000778640e",
      "time": "1732528887815000000",
      "tradeId": "5672996707907585",
      "type": "match",
      "time_received": "10:01:27.8621"
    },
    {
      "makerOrderId": "67444af731d09500071b179a",
      "price": "0.031651",
      "sequence": "5672996707907588",
      "side": "sell",
      "size": "6228",
      "symbol": "RWA-USDT",
      "takerOrderId": "67444af7c5ba74000778640e",
      "time": "1732528887815000000",
      "tradeId": "5672996707907588",
      "type": "match",
      "time_received": "10:01:27.8622"
    },
    {
      "makerOrderId": "67444af7df6f6e000763c371",
      "price": "0.03165",
      "sequence": "5672996707907591",
      "side": "sell",
      "size": "648",
      "symbol": "RWA-USDT",
      "takerOrderId": "67444af7c5ba74000778640e",
      "time": "1732528887815000000",
      "tradeId": "5672996707907591",
      "type": "match",
      "time_received": "10:01:27.8623"
    },
    {
      "makerOrderId": "67444af76967d30007f3afdc",
      "price": "0.031091",
      "sequence": "5672996707907594",
      "side": "sell",
      "size": "2376",
      "symbol": "RWA-USDT",
      "takerOrderId": "67444af7c5ba74000778640e",
      "time": "1732528887815000000",
      "tradeId": "5672996707907594",
      "type": "match",
      "time_received": "10:01:27.8623"
    },
    {
      "makerOrderId": "67444af7ae93cc0007b87090",
      "price": "0.031085",
      "sequence": "5672996707907597",
      "side": "sell",
      "size": "721",
      "symbol": "RWA-USDT",
      "takerOrderId": "67444af7c5ba74000778640e",
      "time": "1732528887815000000",
      "tradeId": "5672996707907597",
      "type": "match",
      "time_received": "10:01:27.8623"
    },
    {
      "makerOrderId": "67444af7d52cb80007ed8f68",
      "price": "0.031085",
      "sequence": "5672996707907600",
      "side": "sell",
      "size": "1565",
      "symbol": "RWA-USDT",
      "takerOrderId": "67444af7c5ba74000778640e",
      "time": "1732528887815000000",
      "tradeId": "5672996707907600",
      "type": "match",
      "time_received": "10:01:27.8624"
    },
    {
      "makerOrderId": "67444af7f4f1200007a897a4",
      "price": "0.031085",
      "sequence": "5672996707907603",
      "side": "sell",
      "size": "1565",
      "symbol": "RWA-USDT",
      "takerOrderId": "67444af7c5ba74000778640e",
      "time": "1732528887815000000",
      "tradeId": "5672996707907603",
      "type": "match",
      "time_received": "10:01:27.8624"
    },
    {
      "makerOrderId": "67444af7f4a7c500078a2dee",
      "price": "0.031078",
      "sequence": "5672997120522241",
      "side": "buy",
      "size": "1799",
      "symbol": "RWA-USDT",
      "takerOrderId": "67444af8cf286a00072eab79",
      "time": "1732528888884000000",
      "tradeId": "5672997120522241",
      "type": "match",
      "time_received": "10:01:28.9330"
    },
    {
      "makerOrderId": "67444af7f4a7c500078a2dee",
      "price": "0.031078",
      "sequence": "5672997210568705",
      "side": "buy",
      "size": "577",
      "symbol": "RWA-USDT",
      "takerOrderId": "67444af9c5ba740007786cd0",
      "time": "1732528889155000000",
      "tradeId": "5672997210568705",
      "type": "match",
      "time_received": "10:01:29.1975"
    },
    {
      "makerOrderId": "67444af7c5ba74000778640e",
      "price": "0.031079",
      "sequence": "5672997210568708",
      "side": "buy",
      "size": "830",
      "symbol": "RWA-USDT",
      "takerOrderId": "67444af9c5ba740007786cd0",
      "time": "1732528889155000000",
      "tradeId": "5672997210568708",
      "type": "match",
      "time_received": "10:01:29.1976"
    },
    {
      "makerOrderId": "67444ae9b7e21a00075347ef",
      "price": "0.031074",
      "sequence": "5672997430245377",
      "side": "sell",
      "size": "157",
      "symbol": "RWA-USDT",
      "takerOrderId": "67444af9c65bf7000723246f",
      "time": "1732528889760000000",
      "tradeId": "5672997430245377",
      "type": "match",
      "time_received": "10:01:29.8069"
    },
    {
      "makerOrderId": "67444af7c5ba74000778640e",
      "price": "0.031079",
      "sequence": "5672997489752065",
      "side": "buy",
      "size": "898",
      "symbol": "RWA-USDT",
      "takerOrderId": "67444af90d855300070f0383",
      "time": "1732528889900000000",
      "tradeId": "5672997489752065",
      "type": "match",
      "time_received": "10:01:29.9479"
    },
    {
      "makerOrderId": "67444af7c5ba74000778640e",
      "price": "0.031079",
      "sequence": "5672997832767489",
      "side": "buy",
      "size": "3361",
      "symbol": "RWA-USDT",
      "takerOrderId": "67444afa088f01000798511c",
      "time": "1732528890900000000",
      "tradeId": "5672997832767489",
      "type": "match",
      "time_received": "10:01:30.9463"
    },
    {
      "makerOrderId": "67444af7c5ba74000778640e",
      "price": "0.031079",
      "sequence": "5672998537803777",
      "side": "buy",
      "size": "1130",
      "symbol": "RWA-USDT",
      "takerOrderId": "67444afc68486d00077a0334",
      "time": "1732528892875000000",
      "tradeId": "5672998537803777",
      "type": "match",
      "time_received": "10:01:32.9229"
    },
    {
      "makerOrderId": "67444ae9b7e21a00075347ef",
      "price": "0.031074",
      "sequence": "5672998602684417",
      "side": "sell",
      "size": "1407",
      "symbol": "RWA-USDT",
      "takerOrderId": "67444afdf1bf400007848daf",
      "time": "1732528893024000000",
      "tradeId": "5672998602684417",
      "type": "match",
      "time_received": "10:01:33.0667"
    },
    {
      "makerOrderId": "67444abe088f010007969596",
      "price": "0.03105",
      "sequence": "5672998602684420",
      "side": "sell",
      "size": "498",
      "symbol": "RWA-USDT",
      "takerOrderId": "67444afdf1bf400007848daf",
      "time": "1732528893024000000",
      "tradeId": "5672998602684420",
      "type": "match",
      "time_received": "10:01:33.0668"
    },
    {
      "makerOrderId": "67444afed52cb80007edbb74",
      "price": "0.031078",
      "sequence": "5672999436040193",
      "side": "buy",
      "size": "721",
      "symbol": "RWA-USDT",
      "takerOrderId": "67444afe6967d30007f3e665",
      "time": "1732528894899000000",
      "tradeId": "5672999436040193",
      "type": "match",
      "time_received": "10:01:34.9529"
    },
    {
      "makerOrderId": "67444afeae93cc0007b89cb1",
      "price": "0.031078",
      "sequence": "5672999436040196",
      "side": "buy",
      "size": "1565",
      "symbol": "RWA-USDT",
      "takerOrderId": "67444afe6967d30007f3e665",
