{
  "metadata": {
    "symbol": "BTC",
    "channel": "match",
    "start_time": "13:57:23.5395",
    "release_time": "13:57:26.5395",
    "end_time": "13:57:56.5395",
    "total_messages": 81,
    "final_snapshot": {
      "time": "13:57:56.0110",
      "symbol": "BTC-USDT",
      "price_high": "99595",
      "price_last": "98585.8",
      "price_low": "97017.5",
      "price_avg": "98197.50976723",
      "volValue_USDT": "252566716.181524155"
    }
  },
  "data": [
    {
      "makerOrderId": "6741df44f15b270007d999a9",
      "price": "98595.5",
      "sequence": "11567834954350593",
      "side": "sell",
      "size": "0.03377436",
      "symbol": "BTC-USDT",
      "takerOrderId": "6741df44b7e21a00079d3090",
      "time": "1732370244707000000",
      "tradeId": "11567834954350593",
      "type": "match",
      "time_received": "13:57:24.7529"
    },
    {
      "makerOrderId": "6741df44088f010007e1519c",
      "price": "98595.5",
      "sequence": "11567834954350596",
      "side": "sell",
      "size": "0.02708519",
      "symbol": "BTC-USDT",
      "takerOrderId": "6741df44b7e21a00079d3090",
      "time": "1732370244707000000",
      "tradeId": "11567834954350596",
      "type": "match",
      "time_received": "13:57:24.7530"
    },
    {
      "makerOrderId": "6741df44c5ba740007c13ffb",
      "price": "98592.4",
      "sequence": "11567835013988353",
      "side": "sell",
      "size": "0.00304954",
      "symbol": "BTC-USDT",
      "takerOrderId": "6741df44ae93cc0007017450",
      "time": "1732370244783000000",
      "tradeId": "11567835013988353",
      "type": "match",
      "time_received": "13:57:24.8294"
    },
    {
      "makerOrderId": "6741df440d85530007584ba6",
      "price": "98592.5",
      "sequence": "11567835119239169",
      "side": "buy",
      "size": "0.00001507",
      "symbol": "BTC-USDT",
      "takerOrderId": "6741df45f15b270007d99cae",
      "time": "1732370245095000000",
      "tradeId": "11567835119239169",
      "type": "match",
      "time_received": "13:57:25.1384"
    },
    {
      "makerOrderId": "6741df440d85530007584ba6",
      "price": "98592.5",
      "sequence": "11567835174289409",
      "side": "buy",
      "size": "0.03777035",
      "symbol": "BTC-USDT",
      "takerOrderId": "6741df45cf286a000778159b",
      "time": "1732370245309000000",
      "tradeId": "11567835174289409",
      "type": "match",
      "time_received": "13:57:25.3576"
    },
    {
      "makerOrderId": "6741df440d85530007584ba6",
      "price": "98592.5",
      "sequence": "11567835193688065",
      "side": "buy",
      "size": "0.03776799",
      "symbol": "BTC-USDT",
      "takerOrderId": "6741df4567cdc9000784ba3d",
      "time": "1732370245366000000",
      "tradeId": "11567835193688065",
      "type": "match",
      "time_received": "13:57:25.4136"
    },
    {
      "makerOrderId": "6741df440d85530007584ba6",
      "price": "98592.5",
      "sequence": "11567835207712769",
      "side": "buy",
      "size": "0.03776541",
      "symbol": "BTC-USDT",
      "takerOrderId": "6741df454fe746000733b587",
      "time": "1732370245440000000",
      "tradeId": "11567835207712769",
      "type": "match",
      "time_received": "13:57:25.4870"
    },
    {
      "makerOrderId": "6741df44c5ba740007c14083",
      "price": "98592.4",
      "sequence": "11567835244544001",
      "side": "sell",
      "size": "0.00039984",
      "symbol": "BTC-USDT",
      "takerOrderId": "6741df45c65bf700076c58dc",
      "time": "1732370245697000000",
      "tradeId": "11567835244544001",
      "type": "match",
      "time_received": "13:57:25.7432"
    },
    {
      "makerOrderId": "6741df440d85530007584ba6",
      "price": "98592.5",
      "sequence": "11567835362115585",
      "side": "buy",
      "size": "0.0377702",
      "symbol": "BTC-USDT",
      "takerOrderId": "6741df466967d300073cc11d",
      "time": "1732370246102000000",
      "tradeId": "11567835362115585",
      "type": "match",
      "time_received": "13:57:26.1464"
    },
    {
      "makerOrderId": "6741df44c5ba740007c14083",
      "price": "98592.4",
      "sequence": "11567835439841281",
      "side": "sell",
      "size": "0.00015175",
      "symbol": "BTC-USDT",
      "takerOrderId": "6741df46f4f1200007f1e3b7",
      "time": "1732370246454000000",
      "tradeId": "11567835439841281",
      "type": "match",
      "time_received": "13:57:26.5035"
    },
    {
      "makerOrderId": "6741df44c5ba740007c14083",
      "price": "98592.4",
      "sequence": "11567835951415297",
      "side": "sell",
      "size": "0.00226602",
      "symbol": "BTC-USDT",
      "takerOrderId": "6741df49b7e21a00079d497e",
      "time": "1732370249217000000",
      "tradeId": "11567835951415297",
      "type": "match",
      "time_received": "13:57:29.2636"
    },
    {
      "makerOrderId": "6741df440d85530007584ba6",
      "price": "98592.5",
      "sequence": "11567836490514433",
      "side": "buy",
      "size": "0.00015307",
      "symbol": "BTC-USDT",
      "takerOrderId": "6741df4ac5ba740007c163e2",
      "time": "1732370250989000000",
      "tradeId": "11567836490514433",
      "type": "match",
      "time_received": "13:57:31.0364"
    },
    {
      "makerOrderId": "6741df44c5ba740007c14083",
      "price": "98592.4",
      "sequence": "11567836514762753",
      "side": "sell",
      "size": "0.000529",
      "symbol": "BTC-USDT",
      "takerOrderId": "6741df4bf15b270007d9bdb9",
      "time": "1732370251098000000",
      "tradeId": "11567836514762753",
      "type": "match",
      "time_received": "13:57:31.1460"
    },
    {
      "makerOrderId": "6741df440d85530007584ba6",
      "price": "98592.5",
      "sequence": "11567836653305857",
      "side": "buy",
      "size": "0.00027717",
      "symbol": "BTC-USDT",
      "takerOrderId": "6741df4b31d095000764525d",
      "time": "1732370251757000000",
      "tradeId": "11567836653305857",
      "type": "match",
      "time_received": "13:57:31.8018"
    },
    {
      "makerOrderId": "6741df44c5ba740007c14083",
      "price": "98592.4",
      "sequence": "11567836816752641",
      "side": "sell",
      "size": "0.01918178",
      "symbol": "BTC-USDT",
      "takerOrderId": "6741df4cdf6f6e0007acf96f",
      "time": "1732370252322000000",
      "tradeId": "11567836816752641",
      "type": "match",
      "time_received": "13:57:32.3641"
    },
    {
      "makerOrderId": "6741df4cc5ba740007c1699a",
      "price": "98592.4",
      "sequence": "11567836816752644",
      "side": "sell",
      "size": "0.00202109",
      "symbol": "BTC-USDT",
      "takerOrderId": "6741df4cdf6f6e0007acf96f",
      "time": "1732370252322000000",
      "tradeId": "11567836816752644",
      "type": "match",
      "time_received": "13:57:32.3647"
    },
    {
      "makerOrderId": "6741df1bb7e21a00079c467c",
      "price": "98591.7",
      "sequence": "11567836816752647",
      "side": "sell",
      "size": "0.00071425",
      "symbol": "BTC-USDT",
      "takerOrderId": "6741df4cdf6f6e0007acf96f",
      "time": "1732370252322000000",
      "tradeId": "11567836816752647",
      "type": "match",
      "time_received": "13:57:32.3647"
    },
    {
      "makerOrderId": "6741df48d52cb8000737082d",
      "price": "98588.1",
      "sequence": "11567836816752650",
      "side": "sell",
      "size": "0.01585323",
      "symbol": "BTC-USDT",
      "takerOrderId": "6741df4cdf6f6e0007acf96f",
      "time": "1732370252322000000",
      "tradeId": "11567836816752650",
      "type": "match",
      "time_received": "13:57:32.3648"
    },
    {
      "makerOrderId": "6741df4cc5ba740007c16b38",
      "price": "98588.1",
      "sequence": "11567836866691073",
      "side": "sell",
      "size": "0.0205849",
      "symbol": "BTC-USDT",
      "takerOrderId": "6741df4c4fe746000733dc62",
      "time": "1732370252433000000",
      "tradeId": "11567836866691073",
      "type": "match",
      "time_received": "13:57:32.4737"
    },
    {
      "makerOrderId": "6741df4c4fe746000733dbbf",
      "price": "98588.1",
      "sequence": "11567836866691076",
      "side": "sell",
      "size": "0.00202109",
      "symbol": "BTC-USDT",
      "takerOrderId": "6741df4c4fe746000733dc62",
      "time": "1732370252433000000",
      "tradeId": "11567836866691076",
      "type": "match",
      "time_received": "13:57:32.4739"
    },
    {
      "makerOrderId": "6741df4cae93cc0007019f17",
      "price": "98588.1",
      "sequence": "11567836866691079",
      "side": "sell",
      "size": "0.00279672",
      "symbol": "BTC-USDT",
      "takerOrderId": "6741df4c4fe746000733dc62",
      "time": "1732370252433000000",
      "tradeId": "11567836866691079",
      "type": "match",
      "time_received": "13:57:32.4793"
    },
    {
      "makerOrderId": "6741df4c4fe746000733dbd1",
      "price": "98588.1",
      "sequence": "11567836866691082",
      "side": "sell",
      "size": "0.00202109",
      "symbol": "BTC-USDT",
      "takerOrderId": "6741df4c4fe746000733dc62",
      "time": "1732370252433000000",
      "tradeId": "11567836866691082",
      "type": "match",
      "time_received": "13:57:32.4794"
    },
    {
      "makerOrderId": "6741df4cf4f1200007f203be",
      "price": "98588",
      "sequence": "11567836866691085",
      "side": "sell",
      "size": "0.01034161",
      "symbol": "BTC-USDT",
      "takerOrderId": "6741df4c4fe746000733dc62",
      "time": "1732370252433000000",
      "tradeId": "11567836866691085",
      "type": "match",
      "time_received": "13:57:32.4796"
    },
    {
      "makerOrderId": "6741df4c37061e00077d7599",
      "price": "98588",
      "sequence": "11567836892119041",
      "side": "sell",
      "size": "0.00202109",
      "symbol": "BTC-USDT",
      "takerOrderId": "6741df4c4fe746000733dc9e",
      "time": "1732370252503000000",
      "tradeId": "11567836892119041",
      "type": "match",
      "time_received": "13:57:32.5459"
    },
    {
      "makerOrderId": "6741df4c0d855300075876bf",
      "price": "98588",
      "sequence": "11567836892119044",
      "side": "sell",
      "size": "0.00279672",
      "symbol": "BTC-USDT",
      "takerOrderId": "6741df4c4fe746000733dc9e",
      "time": "1732370252503000000",
      "tradeId": "11567836892119044",
      "type": "match",
      "time_received": "13:57:32.5465"
    },
    {
      "makerOrderId": "6741df4ccf286a0007783d45",
      "price": "98588",
      "sequence": "11567836892119047",
      "side": "sell",
      "size": "0.02",
      "symbol": "BTC-USDT",
      "takerOrderId": "6741df4c4fe746000733dc9e",
      "time": "1732370252503000000",
      "tradeId": "11567836892119047",
      "type": "match",
      "time_received": "13:57:32.5465"
    },
    {
      "makerOrderId": "6741df4c6967d300073ce43f",
      "price": "98588",
      "sequence": "11567836892119050",
      "side": "sell",
      "size": "0.00630678",
      "symbol": "BTC-USDT",
      "takerOrderId": "6741df4c4fe746000733dc9e",
      "time": "1732370252503000000",
      "tradeId": "11567836892119050",
      "type": "match",
      "time_received": "13:57:32.5466"
    },
    {
      "makerOrderId": "6741df4631d0950007643811",
      "price": "98585.7",
      "sequence": "11567836892119053",
      "side": "sell",
      "size": "0.0066434",
      "symbol": "BTC-USDT",
      "takerOrderId": "6741df4c4fe746000733dc9e",
      "time": "1732370252503000000",
      "tradeId": "11567836892119053",
      "type": "match",
      "time_received": "13:57:32.5466"
    },
    {
      "makerOrderId": "6741df4cc65bf700076c7e57",
      "price": "98585.8",
      "sequence": "11567836972990465",
      "side": "sell",
      "size": "0.01979151",
      "symbol": "BTC-USDT",
      "takerOrderId": "6741df4c68486d0007c2c32a",
      "time": "1732370252910000000",
      "tradeId": "11567836972990465",
      "type": "match",
      "time_received": "13:57:32.9559"
    },
    {
      "makerOrderId": "6741df4ccf286a0007783db1",
      "price": "98585.8",
      "sequence": "11567836972990468",
      "side": "sell",
      "size": "0.00208684",
      "symbol": "BTC-USDT",
      "takerOrderId": "6741df4c68486d0007c2c32a",
      "time": "1732370252910000000",
      "tradeId": "11567836972990468",
      "type": "match",
      "time_received": "13:57:32.9561"
    },
    {
      "makerOrderId": "6741df4c37061e00077d760e",
      "price": "98585.8",
      "sequence": "11567836972990471",
      "side": "sell",
      "size": "0.01589185",
      "symbol": "BTC-USDT",
      "takerOrderId": "6741df4c68486d0007c2c32a",
      "time": "1732370252910000000",
      "tradeId": "11567836972990471",
      "type": "match",
      "time_received": "13:57:32.9561"
    },
    {
      "makerOrderId": "6741df4cf1bf400007cd5eac",
      "price": "98585.9",
      "sequence": "11567837546692609",
      "side": "buy",
      "size": "0.00001434",
      "symbol": "BTC-USDT",
      "takerOrderId": "6741df4f6967d300073cf4a4",
      "time": "1732370255777000000",
      "tradeId": "11567837546692609",
      "type": "match",
      "time_received": "13:57:35.8235"
    },
    {
      "makerOrderId": "6741df4cb7e21a00079d5caf",
      "price": "98585.8",
      "sequence": "11567837578412033",
      "side": "sell",
      "size": "0.00015307",
      "symbol": "BTC-USDT",
      "takerOrderId": "6741df4ff4a7c50007d39fb7",
      "time": "1732370255962000000",
      "tradeId": "11567837578412033",
      "type": "match",
      "time_received": "13:57:36.0038"
    },
    {
      "makerOrderId": "6741df4cb7e21a00079d5caf",
      "price": "98585.8",
      "sequence": "11567837951180801",
      "side": "sell",
      "size": "0.00528234",
      "symbol": "BTC-USDT",
      "takerOrderId": "6741df510d855300075890d5",
      "time": "1732370257642000000",
      "tradeId": "11567837951180801",
      "type": "match",
      "time_received": "13:57:37.6883"
    },
    {
      "makerOrderId": "6741df4cf1bf400007cd5eac",
      "price": "98585.9",
      "sequence": "11567838393942017",
      "side": "buy",
      "size": "0.00039894",
      "symbol": "BTC-USDT",
      "takerOrderId": "6741df5331d0950007647b6b",
      "time": "1732370259783000000",
      "tradeId": "11567838393942017",
      "type": "match",
      "time_received": "13:57:39.8297"
    },
    {
      "makerOrderId": "6741df4cb7e21a00079d5caf",
      "price": "98585.8",
      "sequence": "11567838489624577",
      "side": "sell",
      "size": "0.00031038",
      "symbol": "BTC-USDT",
      "takerOrderId": "6741df5467cdc900078507f7",
      "time": "1732370260273000000",
      "tradeId": "11567838489624577",
      "type": "match",
      "time_received": "13:57:40.3204"
    },
    {
      "makerOrderId": "6741df4cb7e21a00079d5caf",
      "price": "98585.8",
      "sequence": "11567838509285377",
      "side": "sell",
      "size": "0.00030037",
      "symbol": "BTC-USDT",
      "takerOrderId": "6741df5468486d0007c2e8b9",
      "time": "1732370260356000000",
      "tradeId": "11567838509285377",
      "type": "match",
      "time_received": "13:57:40.4017"
    },
    {
      "makerOrderId": "6741df4cb7e21a00079d5caf",
      "price": "98585.8",
      "sequence": "11567838515052545",
      "side": "sell",
      "size": "0.00030036",
      "symbol": "BTC-USDT",
      "takerOrderId": "6741df546967d300073d0c2d",
      "time": "1732370260391000000",
      "tradeId": "11567838515052545",
      "type": "match",
      "time_received": "13:57:40.4367"
    },
    {
      "makerOrderId": "6741df4cb7e21a00079d5caf",
      "price": "98585.8",
      "sequence": "11567838516232193",
      "side": "sell",
      "size": "0.00030037",
      "symbol": "BTC-USDT",
      "takerOrderId": "6741df54cf286a000778654d",
      "time": "1732370260399000000",
      "tradeId": "11567838516232193",
      "type": "match",
      "time_received": "13:57:40.4455"
    },
    {
      "makerOrderId": "6741df4cb7e21a00079d5caf",
      "price": "98585.8",
      "sequence": "11567838516363265",
      "side": "sell",
      "size": "0.00032039",
      "symbol": "BTC-USDT",
      "takerOrderId": "6741df54d52cb800073748db",
      "time": "1732370260399000000",
      "tradeId": "11567838516363265",
      "type": "match",
      "time_received": "13:57:40.4457"
    },
    {
      "makerOrderId": "6741df4cb7e21a00079d5caf",
      "price": "98585.8",
      "sequence": "11567838523965441",
      "side": "sell",
      "size": "0.0003204",
      "symbol": "BTC-USDT",
      "takerOrderId": "6741df5437061e00077d9dc9",
      "time": "1732370260435000000",
      "tradeId": "11567838523965441",
      "type": "match",
      "time_received": "13:57:40.4804"
    },
    {
      "makerOrderId": "6741df4cb7e21a00079d5caf",
      "price": "98585.8",
      "sequence": "11567838531305473",
      "side": "sell",
      "size": "0.00031097",
      "symbol": "BTC-USDT",
      "takerOrderId": "6741df54c5ba740007c19467",
      "time": "1732370260470000000",
      "tradeId": "11567838531305473",
      "type": "match",
      "time_received": "13:57:40.5154"
    },
    {
      "makerOrderId": "6741df4cb7e21a00079d5caf",
      "price": "98585.8",
      "sequence": "11567838535368705",
      "side": "sell",
      "size": "0.0003204",
      "symbol": "BTC-USDT",
      "takerOrderId": "6741df5431d0950007647ef5",
      "time": "1732370260499000000",
      "tradeId": "11567838535368705",
      "type": "match",
      "time_received": "13:57:40.5430"
    },
    {
      "makerOrderId": "6741df4cb7e21a00079d5caf",
      "price": "98585.8",
      "sequence": "11567838537465857",
      "side": "sell",
      "size": "0.00031038",
      "symbol": "BTC-USDT",
      "takerOrderId": "6741df54d52cb8000737497b",
      "time": "1732370260511000000",
      "tradeId": "11567838537465857",
      "type": "match",
      "time_received": "13:57:40.5618"
    },
    {
      "makerOrderId": "6741df4cb7e21a00079d5caf",
      "price": "98585.8",
      "sequence": "11567838550310913",
      "side": "sell",
      "size": "0.00032039",
      "symbol": "BTC-USDT",
      "takerOrderId": "6741df54f1bf400007cd874b",
      "time": "1732370260579000000",
      "tradeId": "11567838550310913",
      "type": "match",
      "time_received": "13:57:40.6211"
    },
    {
      "makerOrderId": "6741df4cb7e21a00079d5caf",
      "price": "98585.8",
      "sequence": "11567838558044161",
      "side": "sell",
      "size": "0.00032033",
      "symbol": "BTC-USDT",
      "takerOrderId": "6741df54d52cb80007374a22",
      "time": "1732370260635000000",
      "tradeId": "11567838558044161",
      "type": "match",
      "time_received": "13:57:40.6856"
    },
    {
      "makerOrderId": "6741df4cb7e21a00079d5caf",
      "price": "98585.8",
      "sequence": "11567838561189889",
      "side": "sell",
      "size": "0.00031038",
      "symbol": "BTC-USDT",
      "takerOrderId": "6741df540d8553000758a103",
      "time": "1732370260651000000",
      "tradeId": "11567838561189889",
      "type": "match",
      "time_received": "13:57:40.6964"
    },
    {
      "makerOrderId": "6741df4cb7e21a00079d5caf",
      "price": "98585.8",
      "sequence": "11567838567612417",
      "side": "sell",
      "size": "0.00031038",
      "symbol": "BTC-USDT",
      "takerOrderId": "6741df54f4a7c50007d3b85c",
      "time": "1732370260689000000",
      "tradeId": "11567838567612417",
      "type": "match",
      "time_received": "13:57:40.7355"
    },
    {
      "makerOrderId": "6741df4cb7e21a00079d5caf",
      "price": "98585.8",
      "sequence": "11567838579671041",
      "side": "sell",
      "size": "0.00030036",
      "symbol": "BTC-USDT",
      "takerOrderId": "6741df54088f010007e1a7e0",
      "time": "1732370260787000000",
      "tradeId": "11567838579671041",
      "type": "match",
      "time_received": "13:57:40.8337"
    },
    {
      "makerOrderId": "6741df4cb7e21a00079d5caf",
      "price": "98585.8",
      "sequence": "11567838586224641",
      "side": "sell",
      "size": "0.00030036",
      "symbol": "BTC-USDT",
      "takerOrderId": "6741df54ae93cc000701c9cb",
      "time": "1732370260839000000",
      "tradeId": "11567838586224641",
      "type": "match",
      "time_received": "13:57:40.8849"
    },
    {
      "makerOrderId": "6741df4cb7e21a00079d5caf",
      "price": "98585.8",
      "sequence": "11567838603657217",
      "side": "sell",
      "size": "0.00032038",
      "symbol": "BTC-USDT",
      "takerOrderId": "6741df54f1bf400007cd88c1",
      "time": "1732370260900000000",
      "tradeId": "11567838603657217",
      "type": "match",
      "time_received": "13:57:40.9430"
    },
    {
      "makerOrderId": "6741df4cb7e21a00079d5caf",
      "price": "98585.8",
      "sequence": "11567838626856961",
      "side": "sell",
      "size": "0.00032039",
      "symbol": "BTC-USDT",
      "takerOrderId": "6741df54f1bf400007cd8945",
      "time": "1732370260991000000",
      "tradeId": "11567838626856961",
      "type": "match",
      "time_received": "13:57:41.0377"
    },
    {
      "makerOrderId": "6741df4cb7e21a00079d5caf",
      "price": "98585.8",
      "sequence": "11567838630658049",
      "side": "sell",
      "size": "0.00030036",
      "symbol": "BTC-USDT",
      "takerOrderId": "6741df5468486d0007c2ebaf",
      "time": "1732370261016000000",
      "tradeId": "11567838630658049",
      "type": "match",
      "time_received": "13:57:41.0634"
    },
    {
      "makerOrderId": "6741df4cb7e21a00079d5caf",
      "price": "98585.8",
      "sequence": "11567838632361985",
      "side": "sell",
      "size": "0.00030037",
      "symbol": "BTC-USDT",
      "takerOrderId": "6741df5567cdc90007850b80",
      "time": "1732370261025000000",
      "tradeId": "11567838632361985",
      "type": "match",
      "time_received": "13:57:41.0751"
    },
    {
      "makerOrderId": "6741df4cb7e21a00079d5caf",
      "price": "98585.8",
      "sequence": "11567838638915585",
      "side": "sell",
      "size": "0.00031038",
      "symbol": "BTC-USDT",
      "takerOrderId": "6741df55088f010007e1a917",
      "time": "1732370261082000000",
      "tradeId": "11567838638915585",
      "type": "match",
      "time_received": "13:57:41.1272"
    },
    {
      "makerOrderId": "6741df4cb7e21a00079d5caf",
      "price": "98585.8",
      "sequence": "11567838694752257",
      "side": "sell",
      "size": "0.00031037",
      "symbol": "BTC-USDT",
      "takerOrderId": "6741df55f4f1200007f23178",
      "time": "1732370261442000000",
      "tradeId": "11567838694752257",
      "type": "match",
      "time_received": "13:57:41.4879"
    },
    {
      "makerOrderId": "6741df4cf1bf400007cd5eac",
      "price": "98585.9",
      "sequence": "11567838743117825",
      "side": "buy",
      "size": "0.00005628",
      "symbol": "BTC-USDT",
      "takerOrderId": "6741df5537061e00077da42a",
      "time": "1732370261785000000",
      "tradeId": "11567838743117825",
      "type": "match",
      "time_received": "13:57:41.8315"
    },
    {
      "makerOrderId": "6741df4cb7e21a00079d5caf",
      "price": "98585.8",
      "sequence": "11567838744559617",
      "side": "sell",
      "size": "0.00141703",
      "symbol": "BTC-USDT",
      "takerOrderId": "6741df5567cdc90007850f1e",
      "time": "1732370261802000000",
      "tradeId": "11567838744559617",
      "type": "match",
      "time_received": "13:57:41.8445"
    },
    {
      "makerOrderId": "6741df4cf1bf400007cd5eac",
      "price": "98585.9",
      "sequence": "11567839412240385",
      "side": "buy",
      "size": "0.00043873",
      "symbol": "BTC-USDT",
      "takerOrderId": "6741df590d8553000758b6b3",
      "time": "1732370265256000000",
      "tradeId": "11567839412240385",
      "type": "match",
      "time_received": "13:57:45.2978"
    },
    {
      "makerOrderId": "6741df4cf1bf400007cd5eac",
      "price": "98585.9",
      "sequence": "11567839503728641",
      "side": "buy",
      "size": "0.00101434",
      "symbol": "BTC-USDT",
      "takerOrderId": "6741df596967d300073d26d1",
      "time": "1732370265849000000",
      "tradeId": "11567839503728641",
      "type": "match",
      "time_received": "13:57:45.8906"
    },
    {
      "makerOrderId": "6741df4cb7e21a00079d5caf",
      "price": "98585.8",
      "sequence": "11567839882002433",
      "side": "sell",
      "size": "0.00034056",
      "symbol": "BTC-USDT",
      "takerOrderId": "6741df5cf4a7c50007d3db39",
      "time": "1732370268015000000",
      "tradeId": "11567839882002433",
      "type": "match",
      "time_received": "13:57:48.0609"
    },
    {
      "makerOrderId": "6741df4cf1bf400007cd5eac",
      "price": "98585.9",
      "sequence": "11567839904415745",
      "side": "buy",
      "size": "0.000702",
      "symbol": "BTC-USDT",
      "takerOrderId": "6741df5c4fe7460007342a1b",
      "time": "1732370268234000000",
      "tradeId": "11567839904415745",
      "type": "match",
      "time_received": "13:57:48.2807"
    },
    {
      "makerOrderId": "6741df4cf1bf400007cd5eac",
      "price": "98585.9",
      "sequence": "11567839999574017",
      "side": "buy",
      "size": "0.00003243",
      "symbol": "BTC-USDT",
      "takerOrderId": "6741df5c68486d0007c30fe9",
      "time": "1732370268586000000",
      "tradeId": "11567839999574017",
      "type": "match",
      "time_received": "13:57:48.6354"
    },
    {
      "makerOrderId": "6741df4cf1bf400007cd5eac",
      "price": "98585.9",
      "sequence": "11567840096567297",
      "side": "buy",
      "size": "0.00003198",
      "symbol": "BTC-USDT",
      "takerOrderId": "6741df5d67cdc9000785319e",
      "time": "1732370269075000000",
      "tradeId": "11567840096567297",
      "type": "match",
      "time_received": "13:57:49.1184"
    },
    {
      "makerOrderId": "6741df4cb7e21a00079d5caf",
      "price": "98585.8",
      "sequence": "11567840741572609",
      "side": "sell",
      "size": "0.00014227",
      "symbol": "BTC-USDT",
      "takerOrderId": "6741df60c5ba740007c1cd25",
      "time": "1732370272343000000",
      "tradeId": "11567840741572609",
      "type": "match",
      "time_received": "13:57:52.3901"
    },
    {
      "makerOrderId": "6741df4cb7e21a00079d5caf",
      "price": "98585.8",
      "sequence": "11567840767262721",
      "side": "sell",
      "size": "0.00014222",
      "symbol": "BTC-USDT",
      "takerOrderId": "6741df60f15b270007da2745",
      "time": "1732370272418000000",
      "tradeId": "11567840767262721",
      "type": "match",
      "time_received": "13:57:52.4648"
    },
    {
      "makerOrderId": "6741df4cb7e21a00079d5caf",
      "price": "98585.8",
      "sequence": "11567840777224193",
      "side": "sell",
      "size": "0.00014215",
      "symbol": "BTC-USDT",
      "takerOrderId": "6741df601586c10007d801ca",
      "time": "1732370272475000000",
      "tradeId": "11567840777224193",
      "type": "match",
      "time_received": "13:57:52.5207"
    },
    {
      "makerOrderId": "6741df4cb7e21a00079d5caf",
      "price": "98585.8",
      "sequence": "11567840791379969",
      "side": "sell",
      "size": "0.00014208",
      "symbol": "BTC-USDT",
      "takerOrderId": "6741df60088f010007e1e162",
      "time": "1732370272560000000",
      "tradeId": "11567840791379969",
      "type": "match",
      "time_received": "13:57:52.6062"
    },
    {
      "makerOrderId": "6741df4c088f010007e17f40",
      "price": "98585.8",
      "sequence": "11567840797540353",
      "side": "sell",
      "size": "0.00014201",
      "symbol": "BTC-USDT",
      "takerOrderId": "6741df60cf286a000778a0db",
      "time": "1732370272624000000",
      "tradeId": "11567840797540353",
      "type": "match",
      "time_received": "13:57:52.6702"
    },
    {
      "makerOrderId": "6741df4c088f010007e17f40",
      "price": "98585.8",
      "sequence": "11567840809336833",
      "side": "sell",
      "size": "0.00014194",
      "symbol": "BTC-USDT",
      "takerOrderId": "6741df60f1bf400007cdc1f3",
      "time": "1732370272688000000",
      "tradeId": "11567840809336833",
      "type": "match",
      "time_received": "13:57:52.7350"
    },
    {
      "makerOrderId": "6741df4c088f010007e17f40",
      "price": "98585.8",
      "sequence": "11567840826900481",
      "side": "sell",
      "size": "0.00014188",
      "symbol": "BTC-USDT",
      "takerOrderId": "6741df60f4a7c50007d3f257",
      "time": "1732370272762000000",
      "tradeId": "11567840826900481",
      "type": "match",
      "time_received": "13:57:52.8022"
    },
    {
      "makerOrderId": "6741df4c088f010007e17f40",
      "price": "98585.8",
      "sequence": "11567840842760193",
      "side": "sell",
      "size": "0.00014181",
      "symbol": "BTC-USDT",
      "takerOrderId": "6741df604fe7460007344142",
      "time": "1732370272830000000",
      "tradeId": "11567840842760193",
      "type": "match",
      "time_received": "13:57:52.8777"
    },
    {
      "makerOrderId": "6741df4c088f010007e17f40",
      "price": "98585.8",
      "sequence": "11567840863862785",
      "side": "sell",
      "size": "0.00014174",
      "symbol": "BTC-USDT",
      "takerOrderId": "6741df60b7e21a00079dc205",
      "time": "1732370272896000000",
      "tradeId": "11567840863862785",
      "type": "match",
      "time_received": "13:57:52.9427"
    },
    {
      "makerOrderId": "6741df4c088f010007e17f40",
      "price": "98585.8",
      "sequence": "11567840881295361",
      "side": "sell",
      "size": "0.00014171",
      "symbol": "BTC-USDT",
      "takerOrderId": "6741df60c5ba740007c1d118",
      "time": "1732370272980000000",
      "tradeId": "11567840881295361",
      "type": "match",
      "time_received": "13:57:53.0225"
    },
    {
      "makerOrderId": "6741df4c088f010007e17f40",
      "price": "98585.8",
      "sequence": "11567840895975425",
      "side": "sell",
      "size": "0.00014167",
      "symbol": "BTC-USDT",
      "takerOrderId": "6741df61cf286a000778a32b",
      "time": "1732370273037000000",
      "tradeId": "11567840895975425",
      "type": "match",
      "time_received": "13:57:53.0833"
    },
    {
      "makerOrderId": "6741df4c088f010007e17f40",
      "price": "98585.8",
      "sequence": "11567840910131201",
      "side": "sell",
      "size": "0.00014164",
      "symbol": "BTC-USDT",
      "takerOrderId": "6741df61d52cb8000737868b",
      "time": "1732370273103000000",
      "tradeId": "11567840910131201",
      "type": "match",
      "time_received": "13:57:53.1467"
    },
    {
      "makerOrderId": "6741df4c088f010007e17f40",
      "price": "98585.8",
      "sequence": "11567840921534465",
      "side": "sell",
      "size": "0.00002905",
      "symbol": "BTC-USDT",
      "takerOrderId": "6741df61df6f6e0007ad60d1",
      "time": "1732370273162000000",
      "tradeId": "11567840921534465",
      "type": "match",
      "time_received": "13:57:53.2076"
    },
    {
      "makerOrderId": "6741df4cf1bf400007cd5eac",
      "price": "98585.9",
      "sequence": "11567841097564161",
      "side": "buy",
      "size": "0.00135897",
      "symbol": "BTC-USDT",
      "takerOrderId": "6741df624fe74600073446b5",
      "time": "1732370274033000000",
      "tradeId": "11567841097564161",
      "type": "match",
      "time_received": "13:57:54.0767"
    },
    {
      "makerOrderId": "6741df4cf1bf400007cd5eac",
      "price": "98585.9",
      "sequence": "11567841153794049",
      "side": "buy",
      "size": "0.00015276",
      "symbol": "BTC-USDT",
      "takerOrderId": "6741df62df6f6e0007ad65b9",
      "time": "1732370274257000000",
      "tradeId": "11567841153794049",
      "type": "match",
      "time_received": "13:57:54.3040"
    },
    {
      "makerOrderId": "6741df4c088f010007e17f40",
      "price": "98585.8",
      "sequence": "11567841461682177",
      "side": "sell",
      "size": "0.000702",
      "symbol": "BTC-USDT",
      "takerOrderId": "6741df636967d300073d5688",
      "time": "1732370275721000000",
      "tradeId": "11567841461682177",
      "type": "match",
      "time_received": "13:57:55.7655"
    },
    {
      "makerOrderId": "6741df4c088f010007e17f40",
      "price": "98585.8",
      "sequence": "11567841616084993",
      "side": "sell",
      "size": "0.1844",
      "symbol": "BTC-USDT",
      "takerOrderId": "6741df648884f40007d8b1c5",
      "time": "1732370276348000000",
      "tradeId": "11567841616084993",
      "type": "match",
      "time_received": "13:57:56.3940"
    }
  ]
}