{
  "metadata": {
    "symbol": "SAMO",
    "channel": "match",
    "start_time": "11:59:30.0000",
    "release_time": "12:00:00.0000",
    "end_time": "12:20:00.0000",
    "total_messages": 1410,
    "final_snapshot": {
      "time": "12:20:00.3890",
      "symbol": "SAMO-USDT",
      "price_high": "0.011984",
      "price_last": "0.011197",
      "price_low": "0.009",
      "price_avg": null,
      "volValue_USDT": "99258.73818"
    }
  },
  "data": [
    {
      "price": "0.009",
      "sequence": "5741142397564929",
      "side": "sell",
      "size": "100",
      "symbol": "SAMO-USDT",
      "time": "1732708800000000000",
      "tradeId": "5741142397564929",
      "type": "match",
      "time_received": "12:00:00.0817"
    },
    {
      "makerOrderId": "67470980b6d50800072eaca5",
      "price": "0.011556",
      "sequence": "5741142525622273",
      "side": "buy",
      "size": "2500",
      "symbol": "SAMO-USDT",
      "takerOrderId": "674709c014a892000706b137",
      "time": "1732708800251000000",
      "tradeId": "5741142525622273",
      "type": "match",
      "time_received": "12:00:00.2932"
    },
    {
      "makerOrderId": "67470980b6d50800072eaca5",
      "price": "0.011556",
      "sequence": "5741142543579137",
      "side": "buy",
      "size": "2000",
      "symbol": "SAMO-USDT",
      "takerOrderId": "674709c0eaedf500071aae1e",
      "time": "1732708800277000000",
      "tradeId": "5741142543579137",
      "type": "match",
      "time_received": "12:00:00.3096"
    },
    {
      "makerOrderId": "67470980b6d50800072eaca5",
      "price": "0.011556",
      "sequence": "5741142612391937",
      "side": "buy",
      "size": "10",
      "symbol": "SAMO-USDT",
      "takerOrderId": "674709c05a555000078d3f99",
      "time": "1732708800382000000",
      "tradeId": "5741142612391937",
      "type": "match",
      "time_received": "12:00:00.4217"
    },
    {
      "makerOrderId": "67470980b6d50800072eaca5",
      "price": "0.011556",
      "sequence": "5741142612916225",
      "side": "buy",
      "size": "2000",
      "symbol": "SAMO-USDT",
      "takerOrderId": "674709c05e5d4c0007a24d25",
      "time": "1732708800382000000",
      "tradeId": "5741142612916225",
      "type": "match",
      "time_received": "12:00:00.4218"
    },
    {
      "makerOrderId": "67470980b6d50800072eaca5",
      "price": "0.011556",
      "sequence": "5741142649747457",
      "side": "buy",
      "size": "40",
      "symbol": "SAMO-USDT",
      "takerOrderId": "674709c02033a50007f7abb3",
      "time": "1732708800435000000",
      "tradeId": "5741142649747457",
      "type": "match",
      "time_received": "12:00:00.4752"
    },
    {
      "makerOrderId": "67470980b6d50800072eaca5",
      "price": "0.011556",
      "sequence": "5741142710827009",
      "side": "buy",
      "size": "2000",
      "symbol": "SAMO-USDT",
      "takerOrderId": "674709c0a69a4c0007d5c399",
      "time": "1732708800540000000",
      "tradeId": "5741142710827009",
      "type": "match",
      "time_received": "12:00:00.5732"
    },
    {
      "makerOrderId": "67470980b6d50800072eaca5",
      "price": "0.011556",
      "sequence": "5741145506068481",
      "side": "buy",
      "size": "15514",
      "symbol": "SAMO-USDT",
      "takerOrderId": "674709c6eaedf500071adf90",
      "time": "1732708806828000000",
      "tradeId": "5741145506068481",
      "type": "match",
      "time_received": "12:00:06.8678"
    },
    {
      "makerOrderId": "674709c9439c1000075cfa9d",
      "price": "0.011727",
      "sequence": "5741148051486721",
      "side": "buy",
      "size": "500",
      "symbol": "SAMO-USDT",
      "takerOrderId": "674709ccdcdd7b0007966fe6",
      "time": "1732708812841000000",
      "tradeId": "5741148051486721",
      "type": "match",
      "time_received": "12:00:12.8812"
    },
    {
      "makerOrderId": "674709cceaedf500071b0a6a",
      "price": "0.011755",
      "sequence": "5741148051486724",
      "side": "buy",
      "size": "66166",
      "symbol": "SAMO-USDT",
      "takerOrderId": "674709ccdcdd7b0007966fe6",
      "time": "1732708812841000000",
      "tradeId": "5741148051486724",
      "type": "match",
      "time_received": "12:00:12.8813"
    },
    {
      "makerOrderId": "674709d0f61fa00007e91ae8",
      "price": "0.011558",
      "sequence": "5741149758175233",
      "side": "sell",
      "size": "4290",
      "symbol": "SAMO-USDT",
      "takerOrderId": "674709d09e4e4000074469c8",
      "time": "1732708816601000000",
      "tradeId": "5741149758175233",
      "type": "match",
      "time_received": "12:00:16.6457"
    },
    {
      "makerOrderId": "674709d0dcdd7b0007968af9",
      "price": "0.011558",
      "sequence": "5741149758175236",
      "side": "sell",
      "size": "4290",
      "symbol": "SAMO-USDT",
      "takerOrderId": "674709d09e4e4000074469c8",
      "time": "1732708816601000000",
      "tradeId": "5741149758175236",
      "type": "match",
      "time_received": "12:00:16.6458"
    },
    {
      "makerOrderId": "674709d0a69a4c0007d63a8a",
      "price": "0.011558",
      "sequence": "5741149758175239",
      "side": "sell",
      "size": "4290",
      "symbol": "SAMO-USDT",
      "takerOrderId": "674709d09e4e4000074469c8",
      "time": "1732708816601000000",
      "tradeId": "5741149758175239",
      "type": "match",
      "time_received": "12:00:16.6458"
    },
    {
      "makerOrderId": "674709cba69a4c0007d614f7",
      "price": "0.011556",
      "sequence": "5741149758175242",
      "side": "sell",
      "size": "148",
      "symbol": "SAMO-USDT",
      "takerOrderId": "674709d09e4e4000074469c8",
      "time": "1732708816601000000",
      "tradeId": "5741149758175242",
      "type": "match",
      "time_received": "12:00:16.6459"
    },
    {
      "makerOrderId": "674709cd9e4e400007445320",
      "price": "0.011556",
      "sequence": "5741149758175245",
      "side": "sell",
      "size": "10078",
      "symbol": "SAMO-USDT",
      "takerOrderId": "674709d09e4e4000074469c8",
      "time": "1732708816601000000",
      "tradeId": "5741149758175245",
      "type": "match",
      "time_received": "12:00:16.6460"
    },
    {
      "makerOrderId": "674709cd633e91000758eb70",
      "price": "0.011556",
      "sequence": "5741149758175248",
      "side": "sell",
      "size": "2565",
      "symbol": "SAMO-USDT",
      "takerOrderId": "674709d09e4e4000074469c8",
      "time": "1732708816601000000",
      "tradeId": "5741149758175248",
      "type": "match",
      "time_received": "12:00:16.6461"
    },
    {
      "makerOrderId": "674709cfba86a00007463bf4",
      "price": "0.011556",
      "sequence": "5741149758175251",
      "side": "sell",
      "size": "1309",
      "symbol": "SAMO-USDT",
      "takerOrderId": "674709d09e4e4000074469c8",
      "time": "1732708816601000000",
      "tradeId": "5741149758175251",
      "type": "match",
      "time_received": "12:00:16.6461"
    },
    {
      "makerOrderId": "674709d09e4e4000074469c8",
      "price": "0.011556",
      "sequence": "5741149764728833",
      "side": "buy",
      "size": "3745",
      "symbol": "SAMO-USDT",
      "takerOrderId": "674709d05a555000078db960",
      "time": "1732708816616000000",
      "tradeId": "5741149764728833",
      "type": "match",
      "time_received": "12:00:16.6560"
    },
    {
      "makerOrderId": "674709d09e4e4000074469c8",
      "price": "0.011556",
      "sequence": "5741149765777409",
      "side": "buy",
      "size": "1005",
      "symbol": "SAMO-USDT",
      "takerOrderId": "674709d0a69a4c0007d63afd",
      "time": "1732708816618000000",
      "tradeId": "5741149765777409",
      "type": "match",
      "time_received": "12:00:16.6561"
    },
    {
      "makerOrderId": "674709d09e4e4000074469c8",
      "price": "0.011556",
      "sequence": "5741149766301697",
      "side": "buy",
      "size": "10493",
      "symbol": "SAMO-USDT",
      "takerOrderId": "674709d0b38d120007fa611e",
      "time": "1732708816618000000",
      "tradeId": "5741149766301697",
      "type": "match",
      "time_received": "12:00:16.6562"
    },
    {
      "makerOrderId": "674709d09e4e4000074469c8",
      "price": "0.011556",
      "sequence": "5741149768660993",
      "side": "buy",
      "size": "1005",
      "symbol": "SAMO-USDT",
      "takerOrderId": "674709d0754b1e00073714ae",
      "time": "1732708816624000000",
      "tradeId": "5741149768660993",
      "type": "match",
      "time_received": "12:00:16.7033"
    },
    {
      "makerOrderId": "674709d09e4e4000074469c8",
      "price": "0.011556",
      "sequence": "5741149769578497",
      "side": "buy",
      "size": "3340",
      "symbol": "SAMO-USDT",
      "takerOrderId": "674709d0439c1000075d266f",
      "time": "1732708816627000000",
      "tradeId": "5741149769578497",
      "type": "match",
      "time_received": "12:00:16.7034"
    },
    {
      "makerOrderId": "674709d09e4e4000074469c8",
      "price": "0.011556",
      "sequence": "5741149772855297",
      "side": "buy",
      "size": "1378",
      "symbol": "SAMO-USDT",
      "takerOrderId": "674709d05e5d4c0007a2c646",
      "time": "1732708816636000000",
      "tradeId": "5741149772855297",
      "type": "match",
      "time_received": "12:00:16.7034"
    },
    {
      "makerOrderId": "674709d09e4e4000074469c8",
      "price": "0.011556",
      "sequence": "5741149772986369",
      "side": "buy",
      "size": "914",
      "symbol": "SAMO-USDT",
      "takerOrderId": "674709d0b38d120007fa6141",
      "time": "1732708816636000000",
      "tradeId": "5741149772986369",
      "type": "match",
      "time_received": "12:00:16.7035"
    },
    {
      "makerOrderId": "674709cceaedf500071b0a6a",
      "price": "0.011755",
      "sequence": "5741149782161409",
      "side": "buy",
      "size": "1517",
      "symbol": "SAMO-USDT",
      "takerOrderId": "674709d0a69a4c0007d63b21",
      "time": "1732708816658000000",
      "tradeId": "5741149782161409",
      "type": "match",
      "time_received": "12:00:16.7035"
    },
    {
      "makerOrderId": "674709d2754b1e0007371b7c",
      "price": "0.011752",
      "sequence": "5741150474876929",
      "side": "buy",
      "size": "4290",
      "symbol": "SAMO-USDT",
      "takerOrderId": "674709d2ef434f00071405a2",
      "time": "1732708818725000000",
      "tradeId": "5741150474876929",
      "type": "match",
      "time_received": "12:00:18.7673"
    },
    {
      "makerOrderId": "674709d2eaedf500071b2e2c",
      "price": "0.011752",
      "sequence": "5741150474876932",
      "side": "buy",
      "size": "4290",
      "symbol": "SAMO-USDT",
      "takerOrderId": "674709d2ef434f00071405a2",
      "time": "1732708818725000000",
      "tradeId": "5741150474876932",
      "type": "match",
      "time_received": "12:00:18.7674"
    },
    {
      "makerOrderId": "674709d2a69a4c0007d641f3",
      "price": "0.011752",
      "sequence": "5741150474876935",
      "side": "buy",
      "size": "4290",
      "symbol": "SAMO-USDT",
      "takerOrderId": "674709d2ef434f00071405a2",
      "time": "1732708818725000000",
      "tradeId": "5741150474876935",
      "type": "match",
      "time_received": "12:00:18.7676"
    },
    {
      "makerOrderId": "674709cceaedf500071b0a6a",
      "price": "0.011755",
      "sequence": "5741150474876938",
      "side": "buy",
      "size": "499",
      "symbol": "SAMO-USDT",
      "takerOrderId": "674709d2ef434f00071405a2",
      "time": "1732708818725000000",
      "tradeId": "5741150474876938",
      "type": "match",
      "time_received": "12:00:18.7676"
    },
    {
      "makerOrderId": "674709d3812d40000769f634",
      "price": "0.011753",
      "sequence": "5741150954862593",
      "side": "sell",
      "size": "455",
      "symbol": "SAMO-USDT",
      "takerOrderId": "674709d4dcdd7b0007969d58",
      "time": "1732708820069000000",
      "tradeId": "5741150954862593",
      "type": "match",
      "time_received": "12:00:20.1112"
    },
    {
      "makerOrderId": "674709d6e21c7400071180d6",
      "price": "0.011556",
      "sequence": "5741151984957441",
      "side": "buy",
      "size": "3751",
      "symbol": "SAMO-USDT",
      "takerOrderId": "674709d6ef434f0007141c37",
      "time": "1732708822820000000",
      "tradeId": "5741151984957441",
      "type": "match",
      "time_received": "12:00:22.8624"
    },
    {
      "makerOrderId": "674709d6e21c7400071180d6",
      "price": "0.011556",
      "sequence": "5741151985088513",
      "side": "buy",
      "size": "3751",
      "symbol": "SAMO-USDT",
      "takerOrderId": "674709d6dcdd7b000796aba5",
      "time": "1732708822820000000",
      "tradeId": "5741151985088513",
      "type": "match",
      "time_received": "12:00:22.8625"
    },
    {
      "makerOrderId": "674709d6e21c7400071180d6",
      "price": "0.011556",
      "sequence": "5741151985219585",
      "side": "buy",
      "size": "9137",
      "symbol": "SAMO-USDT",
      "takerOrderId": "674709d6ef434f0007141c3d",
      "time": "1732708822820000000",
      "tradeId": "5741151985219585",
      "type": "match",
      "time_received": "12:00:22.8625"
    },
    {
      "makerOrderId": "674709d6e21c7400071180d6",
      "price": "0.011556",
      "sequence": "5741151985350657",
      "side": "buy",
      "size": "3751",
      "symbol": "SAMO-USDT",
      "takerOrderId": "674709d6f61fa00007e93be3",
      "time": "1732708822822000000",
      "tradeId": "5741151985350657",
      "type": "match",
      "time_received": "12:00:22.8627"
    },
    {
      "makerOrderId": "674709d6e21c7400071180d6",
      "price": "0.011556",
      "sequence": "5741151985481729",
      "side": "buy",
      "size": "3751",
      "symbol": "SAMO-USDT",
      "takerOrderId": "674709d6dcdd7b000796aba9",
      "time": "1732708822822000000",
      "tradeId": "5741151985481729",
      "type": "match",
      "time_received": "12:00:22.8627"
    },
    {
      "makerOrderId": "674709d6e21c7400071180d6",
      "price": "0.011556",
      "sequence": "5741151985612801",
      "side": "buy",
      "size": "7779",
      "symbol": "SAMO-USDT",
      "takerOrderId": "674709d6b38d120007fa8265",
      "time": "1732708822822000000",
      "tradeId": "5741151985612801",
      "type": "match",
      "time_received": "12:00:22.8628"
    },
    {
      "makerOrderId": "674709d6e21c7400071180d6",
      "price": "0.011556",
      "sequence": "5741151985874945",
      "side": "buy",
      "size": "2452",
      "symbol": "SAMO-USDT",
      "takerOrderId": "674709d6b38d120007fa826d",
      "time": "1732708822822000000",
      "tradeId": "5741151985874945",
      "type": "match",
      "time_received": "12:00:22.8628"
    },
    {
      "makerOrderId": "674709d6e21c7400071180d6",
      "price": "0.011556",
      "sequence": "5741151986006017",
      "side": "buy",
      "size": "3751",
      "symbol": "SAMO-USDT",
      "takerOrderId": "674709d62033a50007f8436b",
      "time": "1732708822822000000",
      "tradeId": "5741151986006017",
      "type": "match",
      "time_received": "12:00:22.8629"
    },
    {
      "makerOrderId": "674709d6e21c7400071180d6",
      "price": "0.011556",
      "sequence": "5741151988627457",
      "side": "buy",
      "size": "1456",
      "symbol": "SAMO-USDT",
      "takerOrderId": "674709d6dcdd7b000796abb2",
      "time": "1732708822828000000",
      "tradeId": "5741151988627457",
      "type": "match",
      "time_received": "12:00:22.8690"
    },
    {
      "makerOrderId": "674709d6e21c7400071180d6",
      "price": "0.011556",
      "sequence": "5741151988889601",
      "side": "buy",
      "size": "1177",
      "symbol": "SAMO-USDT",
      "takerOrderId": "674709d65a555000078dd96c",
      "time": "1732708822828000000",
      "tradeId": "5741151988889601",
      "type": "match",
      "time_received": "12:00:22.8690"
    },
    {
      "makerOrderId": "674709d6e21c7400071180d6",
      "price": "0.011556",
      "sequence": "5741151989151745",
      "side": "buy",
      "size": "5794",
      "symbol": "SAMO-USDT",
      "takerOrderId": "674709d61adbea00072fa76d",
      "time": "1732708822828000000",
      "tradeId": "5741151989151745",
      "type": "match",
      "time_received": "12:00:22.8691"
    },
    {
      "makerOrderId": "674709d6e21c7400071180d6",
      "price": "0.011556",
      "sequence": "5741151989544961",
      "side": "buy",
      "size": "3751",
      "symbol": "SAMO-USDT",
      "takerOrderId": "674709d62033a50007f84374",
      "time": "1732708822829000000",
      "tradeId": "5741151989544961",
      "type": "match",
      "time_received": "12:00:22.8694"
    },
    {
      "makerOrderId": "674709d6e21c7400071180d6",
      "price": "0.011556",
      "sequence": "5741151993739265",
      "side": "buy",
      "size": "3751",
      "symbol": "SAMO-USDT",
      "takerOrderId": "674709d6812d4000076a05bd",
      "time": "1732708822840000000",
      "tradeId": "5741151993739265",
      "type": "match",
      "time_received": "12:00:22.8778"
    },
    {
      "makerOrderId": "674709d6e21c7400071180d6",
      "price": "0.011556",
      "sequence": "5741151996098561",
      "side": "buy",
      "size": "4874",
      "symbol": "SAMO-USDT",
      "takerOrderId": "674709d6ef434f0007141c55",
      "time": "1732708822844000000",
      "tradeId": "5741151996098561",
      "type": "match",
      "time_received": "12:00:22.8807"
    },
    {
      "makerOrderId": "674709d6e21c7400071180d6",
      "price": "0.011556",
      "sequence": "5741151996229633",
      "side": "buy",
      "size": "3751",
      "symbol": "SAMO-USDT",
      "takerOrderId": "674709d6a69a4c0007d65bb4",
      "time": "1732708822844000000",
      "tradeId": "5741151996229633",
      "type": "match",
      "time_received": "12:00:22.8808"
    },
    {
      "makerOrderId": "674709d6e21c7400071180d6",
      "price": "0.011556",
      "sequence": "5741151999375361",
      "side": "buy",
      "size": "3751",
      "symbol": "SAMO-USDT",
      "takerOrderId": "674709d6b38d120007fa8287",
      "time": "1732708822851000000",
      "tradeId": "5741151999375361",
      "type": "match",
      "time_received": "12:00:22.8871"
    },
    {
      "makerOrderId": "674709d6e21c7400071180d6",
      "price": "0.011556",
      "sequence": "5741152000161793",
      "side": "buy",
      "size": "1943",
      "symbol": "SAMO-USDT",
      "takerOrderId": "674709d62033a50007f84390",
      "time": "1732708822852000000",
      "tradeId": "5741152000161793",
      "type": "match",
      "time_received": "12:00:22.8871"
    },
    {
      "makerOrderId": "674709d6e21c7400071180d6",
      "price": "0.011556",
      "sequence": "5741152005535745",
      "side": "buy",
      "size": "3883",
      "symbol": "SAMO-USDT",
      "takerOrderId": "674709d6725fc6000786d743",
      "time": "1732708822870000000",
      "tradeId": "5741152005535745",
      "type": "match",
      "time_received": "12:00:22.9100"
    },
    {
      "makerOrderId": "674709d6e21c7400071180d6",
      "price": "0.011556",
      "sequence": "5741152005666817",
      "side": "buy",
      "size": "970",
      "symbol": "SAMO-USDT",
      "takerOrderId": "674709d61adbea00072fa7a9",
      "time": "1732708822870000000",
      "tradeId": "5741152005666817",
      "type": "match",
      "time_received": "12:00:22.9100"
    },
    {
      "makerOrderId": "674709d6e21c7400071180d6",
      "price": "0.011556",
      "sequence": "5741152006191105",
      "side": "buy",
      "size": "2525",
      "symbol": "SAMO-USDT",
      "takerOrderId": "674709d6b38d120007fa82ab",
      "time": "1732708822872000000",
      "tradeId": "5741152006191105",
      "type": "match",
      "time_received": "12:00:22.9101"
    },
    {
      "makerOrderId": "674709d6e21c7400071180d6",
      "price": "0.011556",
      "sequence": "5741152007895043",
      "side": "buy",
      "size": "1475",
      "symbol": "SAMO-USDT",
      "takerOrderId": "674709d6b26bfb00075b8f3e",
      "time": "1732708822876000000",
      "tradeId": "5741152007895043",
      "type": "match",
      "time_received": "12:00:22.9152"
    },
    {
      "makerOrderId": "674709d6e21c7400071180d6",
      "price": "0.011556",
      "sequence": "5741152032143361",
      "side": "buy",
      "size": "425",
      "symbol": "SAMO-USDT",
      "takerOrderId": "674709d61adbea00072fa7b3",
      "time": "1732708822883000000",
      "tradeId": "5741152032143361",
      "type": "match",
      "time_received": "12:00:22.9230"
    },
    {
      "makerOrderId": "674709d6e21c7400071180d6",
      "price": "0.011556",
      "sequence": "5741152033847297",
      "side": "buy",
      "size": "2099",
      "symbol": "SAMO-USDT",
      "takerOrderId": "674709d65a555000078dd9ba",
      "time": "1732708822888000000",
      "tradeId": "5741152033847297",
      "type": "match",
      "time_received": "12:00:22.9231"
    },
    {
      "makerOrderId": "674709d6e21c7400071180d6",
      "price": "0.011556",
      "sequence": "5741152038696961",
      "side": "buy",
      "size": "3454",
      "symbol": "SAMO-USDT",
      "takerOrderId": "674709d6725fc6000786d76b",
      "time": "1732708822898000000",
      "tradeId": "5741152038696961",
      "type": "match",
      "time_received": "12:00:22.9456"
    },
    {
      "makerOrderId": "674709d6e21c7400071180d6",
      "price": "0.011556",
      "sequence": "5741152038828033",
      "side": "buy",
      "size": "1475",
      "symbol": "SAMO-USDT",
      "takerOrderId": "674709d614a8920007074b7e",
      "time": "1732708822898000000",
      "tradeId": "5741152038828033",
      "type": "match",
      "time_received": "12:00:22.9457"
    },
    {
      "makerOrderId": "674709d6e21c7400071180d6",
      "price": "0.011556",
      "sequence": "5741152039221249",
      "side": "buy",
      "size": "91",
      "symbol": "SAMO-USDT",
      "takerOrderId": "674709d62033a50007f843e0",
      "time": "1732708822898000000",
      "tradeId": "5741152039221249",
      "type": "match",
      "time_received": "12:00:22.9458"
    },
    {
      "makerOrderId": "674709d6e21c7400071180d6",
      "price": "0.011556",
      "sequence": "5741152041318401",
      "side": "buy",
      "size": "232",
      "symbol": "SAMO-USDT",
      "takerOrderId": "674709d6b6d50800073064b3",
      "time": "1732708822903000000",
      "tradeId": "5741152041318401",
      "type": "match",
      "time_received": "12:00:22.9458"
    },
    {
      "makerOrderId": "674709d4dcdd7b0007969d58",
      "price": "0.011727",
      "sequence": "5741153547335681",
      "side": "buy",
      "size": "20000",
      "symbol": "SAMO-USDT",
      "takerOrderId": "674709da5e5d4c0007a2fdd8",
      "time": "1732708826348000000",
      "tradeId": "5741153547335681",
      "type": "match",
      "time_received": "12:00:26.3842"
    },
    {
      "makerOrderId": "674709db5a555000078df4e2",
      "price": "0.011725",
      "sequence": "5741155564271617",
      "side": "buy",
      "size": "2196448",
      "symbol": "SAMO-USDT",
      "takerOrderId": "674709dfeaedf500071b832a",
      "time": "1732708831114000000",
      "tradeId": "5741155564271617",
      "type": "match",
      "time_received": "12:00:31.1544"
    },
    {
      "makerOrderId": "674709d4dcdd7b0007969d58",
      "price": "0.011727",
      "sequence": "5741155564271620",
      "side": "buy",
      "size": "409194",
      "symbol": "SAMO-USDT",
      "takerOrderId": "674709dfeaedf500071b832a",
      "time": "1732708831114000000",
      "tradeId": "5741155564271620",
      "type": "match",
      "time_received": "12:00:31.1545"
    },
    {
      "makerOrderId": "674709dfeaedf500071b832a",
      "price": "0.011727",
      "sequence": "5741155571611649",
      "side": "sell",
      "size": "1729",
      "symbol": "SAMO-USDT",
      "takerOrderId": "674709dfeaedf500071b835a",
      "time": "1732708831126000000",
      "tradeId": "5741155571611649",
      "type": "match",
      "time_received": "12:00:31.1650"
    },
    {
      "makerOrderId": "674709dfeaedf500071b832a",
      "price": "0.011727",
      "sequence": "5741155579869185",
      "side": "sell",
      "size": "4052",
      "symbol": "SAMO-USDT",
      "takerOrderId": "674709df14a8920007078608",
      "time": "1732708831141000000",
      "tradeId": "5741155579869185",
      "type": "match",
      "time_received": "12:00:31.1767"
    },
    {
      "makerOrderId": "674709dfeaedf500071b832a",
      "price": "0.011727",
      "sequence": "5741155580524545",
      "side": "sell",
      "size": "4581",
      "symbol": "SAMO-USDT",
      "takerOrderId": "674709dfb26bfb00075bc9be",
      "time": "1732708831142000000",
      "tradeId": "5741155580524545",
      "type": "match",
      "time_received": "12:00:31.1787"
    },
    {
      "makerOrderId": "674709dfeaedf500071b832a",
      "price": "0.011727",
      "sequence": "5741155584456705",
      "side": "sell",
      "size": "1649",
      "symbol": "SAMO-USDT",
      "takerOrderId": "674709df5e5d4c0007a321e4",
      "time": "1732708831151000000",
      "tradeId": "5741155584456705",
      "type": "match",
      "time_received": "12:00:31.1906"
    },
    {
      "makerOrderId": "674709dfeaedf500071b832a",
      "price": "0.011727",
      "sequence": "5741155603593217",
      "side": "sell",
      "size": "155",
      "symbol": "SAMO-USDT",
      "takerOrderId": "674709df33b8f30007e15698",
      "time": "1732708831200000000",
      "tradeId": "5741155603593217",
      "type": "match",
      "time_received": "12:00:31.2400"
    },
    {
      "makerOrderId": "674709dfeaedf500071b832a",
      "price": "0.011727",
      "sequence": "5741155603724289",
      "side": "sell",
      "size": "2481",
      "symbol": "SAMO-USDT",
      "takerOrderId": "674709dfb26bfb00075bca23",
      "time": "1732708831200000000",
      "tradeId": "5741155603724289",
      "type": "match",
      "time_received": "12:00:31.2403"
    },
    {
      "makerOrderId": "674709dfeaedf500071b832a",
      "price": "0.011727",
      "sequence": "5741155606214657",
      "side": "sell",
      "size": "3344",
      "symbol": "SAMO-USDT",
      "takerOrderId": "674709df8b053b000769b5a6",
      "time": "1732708831206000000",
      "tradeId": "5741155606214657",
      "type": "match",
      "time_received": "12:00:31.2462"
    },
    {
      "makerOrderId": "674709dfeaedf500071b832a",
      "price": "0.011727",
      "sequence": "5741155606607873",
      "side": "sell",
      "size": "1267",
      "symbol": "SAMO-USDT",
      "takerOrderId": "674709df9e4e40000744c5a7",
      "time": "1732708831206000000",
      "tradeId": "5741155606607873",
      "type": "match",
      "time_received": "12:00:31.2464"
    },
    {
      "makerOrderId": "674709dfeaedf500071b832a",
      "price": "0.011727",
      "sequence": "5741155608442881",
      "side": "sell",
      "size": "594",
      "symbol": "SAMO-USDT",
      "takerOrderId": "674709dfdcdd7b000796e726",
      "time": "1732708831211000000",
      "tradeId": "5741155608442881",
      "type": "match",
      "time_received": "12:00:31.2490"
    },
    {
      "makerOrderId": "674709dfeaedf500071b832a",
      "price": "0.011727",
      "sequence": "5741155608705025",
      "side": "sell",
      "size": "3520",
      "symbol": "SAMO-USDT",
      "takerOrderId": "674709dfeaedf500071b83e9",
      "time": "1732708831211000000",
      "tradeId": "5741155608705025",
      "type": "match",
      "time_received": "12:00:31.2491"
    },
    {
      "makerOrderId": "674709dfeaedf500071b832a",
      "price": "0.011727",
      "sequence": "5741155611588609",
      "side": "sell",
      "size": "996",
      "symbol": "SAMO-USDT",
      "takerOrderId": "674709dfeaedf500071b83ff",
      "time": "1732708831220000000",
      "tradeId": "5741155611588609",
      "type": "match",
      "time_received": "12:00:31.2564"
    },
    {
      "makerOrderId": "674709dfeaedf500071b832a",
      "price": "0.011727",
      "sequence": "5741155611719681",
      "side": "sell",
      "size": "844",
      "symbol": "SAMO-USDT",
      "takerOrderId": "674709df754b1e00073770be",
      "time": "1732708831220000000",
      "tradeId": "5741155611719681",
      "type": "match",
      "time_received": "12:00:31.2565"
    },
    {
      "makerOrderId": "674709dfeaedf500071b832a",
      "price": "0.011727",
      "sequence": "5741155613685761",
      "side": "sell",
      "size": "798",
      "symbol": "SAMO-USDT",
      "takerOrderId": "674709dfa69a4c0007d696e6",
      "time": "1732708831225000000",
      "tradeId": "5741155613685761",
      "type": "match",
      "time_received": "12:00:31.2657"
    },
    {
      "makerOrderId": "674709dfeaedf500071b832a",
      "price": "0.011727",
      "sequence": "5741155615389697",
      "side": "sell",
      "size": "5649",
      "symbol": "SAMO-USDT",
      "takerOrderId": "674709df5a555000078e1534",
      "time": "1732708831229000000",
      "tradeId": "5741155615389697",
      "type": "match",
      "time_received": "12:00:31.2658"
    },
    {
      "makerOrderId": "674709dfeaedf500071b832a",
      "price": "0.011727",
      "sequence": "5741155616307201",
      "side": "sell",
      "size": "1934",
      "symbol": "SAMO-USDT",
      "takerOrderId": "674709dfb38d120007fabe4a",
      "time": "1732708831232000000",
      "tradeId": "5741155616307201",
      "type": "match",
      "time_received": "12:00:31.2730"
    },
    {
      "makerOrderId": "674709dfeaedf500071b832a",
      "price": "0.011727",
      "sequence": "5741155616700417",
      "side": "sell",
      "size": "632",
      "symbol": "SAMO-USDT",
      "takerOrderId": "674709dfe21c74000711bd1a",
      "time": "1732708831233000000",
      "tradeId": "5741155616700417",
      "type": "match",
      "time_received": "12:00:31.2731"
    },
    {
      "makerOrderId": "674709dfeaedf500071b832a",
      "price": "0.011727",
      "sequence": "5741155618011137",
      "side": "sell",
      "size": "655",
      "symbol": "SAMO-USDT",
      "takerOrderId": "674709df8b053b000769b60a",
      "time": "1732708831236000000",
      "tradeId": "5741155618011137",
      "type": "match",
      "time_received": "12:00:31.2731"
    },
    {
      "makerOrderId": "674709dfeaedf500071b832a",
      "price": "0.011727",
      "sequence": "5741155618142209",
      "side": "sell",
      "size": "1868",
      "symbol": "SAMO-USDT",
      "takerOrderId": "674709dfb38d120007fabe5d",
      "time": "1732708831236000000",
      "tradeId": "5741155618142209",
      "type": "match",
      "time_received": "12:00:31.2732"
    },
    {
      "makerOrderId": "674709dfeaedf500071b832a",
      "price": "0.011727",
      "sequence": "5741155621943297",
      "side": "sell",
      "size": "798",
      "symbol": "SAMO-USDT",
      "takerOrderId": "674709df725fc600078712bb",
      "time": "1732708831243000000",
      "tradeId": "5741155621943297",
      "type": "match",
      "time_received": "12:00:31.2788"
    },
    {
      "makerOrderId": "674709dfeaedf500071b832a",
      "price": "0.011727",
      "sequence": "5741155622991873",
      "side": "sell",
      "size": "1014",
      "symbol": "SAMO-USDT",
      "takerOrderId": "674709df725fc600078712be",
      "time": "1732708831245000000",
      "tradeId": "5741155622991873",
      "type": "match",
      "time_received": "12:00:31.2845"
    },
    {
      "makerOrderId": "674709dfeaedf500071b832a",
      "price": "0.011727",
      "sequence": "5741155629676545",
      "side": "sell",
      "size": "798",
      "symbol": "SAMO-USDT",
      "takerOrderId": "674709df2033a50007f87fb3",
      "time": "1732708831256000000",
      "tradeId": "5741155629676545",
      "type": "match",
      "time_received": "12:00:31.2966"
    },
    {
      "makerOrderId": "674709dfeaedf500071b832a",
      "price": "0.011727",
      "sequence": "5741155633477633",
      "side": "sell",
      "size": "1702",
      "symbol": "SAMO-USDT",
      "takerOrderId": "674709df439c1000075d8320",
      "time": "1732708831265000000",
      "tradeId": "5741155633477633",
      "type": "match",
      "time_received": "12:00:31.3025"
    },
    {
      "makerOrderId": "674709dfeaedf500071b832a",
      "price": "0.011727",
      "sequence": "5741155633739777",
      "side": "sell",
      "size": "1885",
      "symbol": "SAMO-USDT",
      "takerOrderId": "674709dfb6d508000730a03b",
      "time": "1732708831265000000",
      "tradeId": "5741155633739777",
      "type": "match",
      "time_received": "12:00:31.3026"
    },
    {
      "makerOrderId": "674709dfeaedf500071b832a",
      "price": "0.011727",
      "sequence": "5741155635443713",
      "side": "sell",
      "size": "1702",
      "symbol": "SAMO-USDT",
      "takerOrderId": "674709df8b053b000769b65c",
      "time": "1732708831267000000",
      "tradeId": "5741155635443713",
      "type": "match",
      "time_received": "12:00:31.3029"
    },
    {
      "makerOrderId": "674709dfeaedf500071b832a",
      "price": "0.011727",
      "sequence": "5741155635574785",
      "side": "sell",
      "size": "928",
      "symbol": "SAMO-USDT",
      "takerOrderId": "674709df8b053b000769b65d",
      "time": "1732708831267000000",
      "tradeId": "5741155635574785",
      "type": "match",
      "time_received": "12:00:31.3029"
    },
    {
      "makerOrderId": "674709dfeaedf500071b832a",
      "price": "0.011727",
      "sequence": "5741155635705857",
      "side": "sell",
      "size": "698",
      "symbol": "SAMO-USDT",
      "takerOrderId": "674709df33b8f30007e1575f",
      "time": "1732708831267000000",
      "tradeId": "5741155635705857",
      "type": "match",
      "time_received": "12:00:31.3059"
    },
    {
      "makerOrderId": "674709dfeaedf500071b832a",
      "price": "0.011727",
      "sequence": "5741155636492289",
      "side": "sell",
      "size": "320",
      "symbol": "SAMO-USDT",
      "takerOrderId": "674709dfdcdd7b000796e7de",
      "time": "1732708831269000000",
      "tradeId": "5741155636492289",
      "type": "match",
      "time_received": "12:00:31.3062"
    },
    {
      "makerOrderId": "674709dfeaedf500071b832a",
      "price": "0.011727",
      "sequence": "5741155636885505",
      "side": "sell",
      "size": "1259",
      "symbol": "SAMO-USDT",
      "takerOrderId": "674709df33b8f30007e15762",
      "time": "1732708831272000000",
      "tradeId": "5741155636885505",
      "type": "match",
      "time_received": "12:00:31.3062"
    },
    {
      "makerOrderId": "674709dfeaedf500071b832a",
      "price": "0.011727",
      "sequence": "5741155641866241",
      "side": "sell",
      "size": "2032",
      "symbol": "SAMO-USDT",
      "takerOrderId": "674709df14a892000707875f",
      "time": "1732708831285000000",
      "tradeId": "5741155641866241",
      "type": "match",
      "time_received": "12:00:31.3288"
    },
    {
      "makerOrderId": "674709dfeaedf500071b832a",
      "price": "0.011727",
      "sequence": "5741155642652673",
      "side": "sell",
      "size": "549",
      "symbol": "SAMO-USDT",
      "takerOrderId": "674709dfdcdd7b000796e80c",
      "time": "1732708831286000000",
      "tradeId": "5741155642652673",
      "type": "match",
      "time_received": "12:00:31.3289"
    },
    {
      "makerOrderId": "674709dfeaedf500071b832a",
      "price": "0.011727",
      "sequence": "5741155648026625",
      "side": "sell",
      "size": "750",
      "symbol": "SAMO-USDT",
      "takerOrderId": "674709df754b1e00073771aa",
      "time": "1732708831301000000",
      "tradeId": "5741155648026625",
      "type": "match",
      "time_received": "12:00:31.3382"
    },
    {
      "makerOrderId": "674709dfeaedf500071b832a",
      "price": "0.011727",
      "sequence": "5741155650648065",
      "side": "sell",
      "size": "686",
      "symbol": "SAMO-USDT",
      "takerOrderId": "674709dfdcdd7b000796e843",
      "time": "1732708831308000000",
      "tradeId": "5741155650648065",
      "type": "match",
      "time_received": "12:00:31.3472"
    },
    {
      "makerOrderId": "674709dfeaedf500071b832a",
      "price": "0.011727",
      "sequence": "5741155654055937",
      "side": "sell",
      "size": "782",
      "symbol": "SAMO-USDT",
      "takerOrderId": "674709df8b053b000769b6e5",
      "time": "1732708831314000000",
      "tradeId": "5741155654055937",
      "type": "match",
      "time_received": "12:00:31.3542"
    },
    {
      "makerOrderId": "674709dfeaedf500071b832a",
      "price": "0.011727",
      "sequence": "5741155657070593",
      "side": "sell",
      "size": "1753",
      "symbol": "SAMO-USDT",
      "takerOrderId": "674709df5e5d4c0007a3238e",
      "time": "1732708831320000000",
      "tradeId": "5741155657070593",
      "type": "match",
      "time_received": "12:00:31.3545"
    },
    {
      "makerOrderId": "674709dfeaedf500071b832a",
      "price": "0.011727",
      "sequence": "5741155660609537",
      "side": "sell",
      "size": "664",
      "symbol": "SAMO-USDT",
      "takerOrderId": "674709dfa69a4c0007d697f7",
      "time": "1732708831329000000",
      "tradeId": "5741155660609537",
      "type": "match",
      "time_received": "12:00:31.3642"
    },
    {
      "makerOrderId": "674709dfeaedf500071b832a",
      "price": "0.011727",
      "sequence": "5741155663230977",
      "side": "sell",
      "size": "1725",
      "symbol": "SAMO-USDT",
      "takerOrderId": "674709df2033a50007f8808e",
      "time": "1732708831334000000",
      "tradeId": "5741155663230977",
      "type": "match",
      "time_received": "12:00:31.3699"
    },
    {
      "makerOrderId": "674709dfeaedf500071b832a",
      "price": "0.011727",
      "sequence": "5741155663886337",
      "side": "sell",
      "size": "240",
      "symbol": "SAMO-USDT",
      "takerOrderId": "674709df1adbea00072fe49a",
      "time": "1732708831336000000",
      "tradeId": "5741155663886337",
      "type": "match",
      "time_received": "12:00:31.3758"
    },
    {
      "makerOrderId": "674709dfeaedf500071b832a",
      "price": "0.011727",
      "sequence": "5741155666245633",
      "side": "sell",
      "size": "621",
      "symbol": "SAMO-USDT",
      "takerOrderId": "674709df5e5d4c0007a323c0",
      "time": "1732708831344000000",
      "tradeId": "5741155666245633",
      "type": "match",
      "time_received": "12:00:31.3856"
    },
    {
      "makerOrderId": "674709dfeaedf500071b832a",
      "price": "0.011727",
      "sequence": "5741155673192449",
      "side": "sell",
      "size": "644",
      "symbol": "SAMO-USDT",
      "takerOrderId": "674709df439c1000075d8411",
      "time": "1732708831361000000",
      "tradeId": "5741155673192449",
      "type": "match",
      "time_received": "12:00:31.3961"
    },
    {
      "makerOrderId": "674709dfeaedf500071b832a",
      "price": "0.011727",
      "sequence": "5741155674634241",
      "side": "sell",
      "size": "1386",
      "symbol": "SAMO-USDT",
      "takerOrderId": "674709dff61fa00007e97940",
      "time": "1732708831363000000",
      "tradeId": "5741155674634241",
      "type": "match",
      "time_received": "12:00:31.3963"
    },
    {
      "makerOrderId": "674709dfeaedf500071b832a",
      "price": "0.011727",
      "sequence": "5741155677648897",
      "side": "sell",
      "size": "1301",
      "symbol": "SAMO-USDT",
      "takerOrderId": "674709dfe21c74000711be72",
      "time": "1732708831366000000",
      "tradeId": "5741155677648897",
      "type": "match",
      "time_received": "12:00:31.4080"
    },
    {
      "makerOrderId": "674709dfeaedf500071b832a",
      "price": "0.011727",
      "sequence": "5741155696392193",
      "side": "sell",
      "size": "1093",
      "symbol": "SAMO-USDT",
      "takerOrderId": "674709df754b1e0007377297",
      "time": "1732708831413000000",
      "tradeId": "5741155696392193",
      "type": "match",
      "time_received": "12:00:31.4493"
    },
    {
      "makerOrderId": "674709dfeaedf500071b832a",
      "price": "0.011727",
      "sequence": "5741155698096129",
      "side": "sell",
      "size": "902",
      "symbol": "SAMO-USDT",
      "takerOrderId": "674709df14a8920007078878",
      "time": "1732708831415000000",
      "tradeId": "5741155698096129",
      "type": "match",
      "time_received": "12:00:31.4548"
    },
    {
      "makerOrderId": "674709dfeaedf500071b832a",
      "price": "0.011727",
      "sequence": "5741155699800065",
      "side": "sell",
      "size": "954",
      "symbol": "SAMO-USDT",
      "takerOrderId": "674709dfb6d508000730a19f",
      "time": "1732708831420000000",
      "tradeId": "5741155699800065",
      "type": "match",
      "time_received": "12:00:31.4550"
    },
    {
      "makerOrderId": "674709dfeaedf500071b832a",
      "price": "0.011727",
      "sequence": "5741155710416897",
      "side": "sell",
      "size": "638",
      "symbol": "SAMO-USDT",
      "takerOrderId": "674709df8b053b000769b7d7",
      "time": "1732708831441000000",
      "tradeId": "5741155710416897",
      "type": "match",
      "time_received": "12:00:31.4785"
    },
    {
      "makerOrderId": "674709dfeaedf500071b832a",
      "price": "0.011727",
      "sequence": "5741155711858689",
      "side": "sell",
      "size": "1518",
      "symbol": "SAMO-USDT",
      "takerOrderId": "674709df8b053b000769b7e1",
      "time": "1732708831444000000",
      "tradeId": "5741155711858689",
      "type": "match",
      "time_received": "12:00:31.4786"
    },
    {
      "makerOrderId": "674709dfeaedf500071b832a",
      "price": "0.011727",
      "sequence": "5741155712907265",
      "side": "sell",
      "size": "1607",
      "symbol": "SAMO-USDT",
      "takerOrderId": "674709df14a89200070788a7",
      "time": "1732708831447000000",
      "tradeId": "5741155712907265",
      "type": "match",
      "time_received": "12:00:31.4872"
    },
    {
      "makerOrderId": "674709dfeaedf500071b832a",
      "price": "0.011727",
      "sequence": "5741155714611201",
      "side": "sell",
      "size": "1290",
      "symbol": "SAMO-USDT",
      "takerOrderId": "674709dfeaedf500071b85fd",
      "time": "1732708831453000000",
      "tradeId": "5741155714611201",
      "type": "match",
      "time_received": "12:00:31.4873"
    },
    {
      "makerOrderId": "674709dfeaedf500071b832a",
      "price": "0.011727",
      "sequence": "5741155715790849",
      "side": "sell",
      "size": "574",
      "symbol": "SAMO-USDT",
      "takerOrderId": "674709dfb38d120007fac029",
      "time": "1732708831456000000",
      "tradeId": "5741155715790849",
      "type": "match",
      "time_received": "12:00:31.4950"
    },
    {
      "makerOrderId": "674709dfeaedf500071b832a",
      "price": "0.011727",
      "sequence": "5741155716052993",
      "side": "sell",
      "size": "481",
      "symbol": "SAMO-USDT",
      "takerOrderId": "674709dfb6d508000730a1d9",
      "time": "1732708831457000000",
      "tradeId": "5741155716052993",
      "type": "match",
      "time_received": "12:00:31.4951"
    },
    {
      "makerOrderId": "674709dfeaedf500071b832a",
      "price": "0.011727",
      "sequence": "5741155719985153",
      "side": "sell",
      "size": "44",
      "symbol": "SAMO-USDT",
      "takerOrderId": "674709dfb26bfb00075bcc70",
      "time": "1732708831462000000",
      "tradeId": "5741155719985153",
      "type": "match",
      "time_received": "12:00:31.5001"
    },
    {
      "makerOrderId": "674709dfeaedf500071b832a",
      "price": "0.011727",
      "sequence": "5741155724179457",
      "side": "sell",
      "size": "713",
      "symbol": "SAMO-USDT",
      "takerOrderId": "674709dfe21c74000711bf23",
      "time": "1732708831470000000",
      "tradeId": "5741155724179457",
      "type": "match",
      "time_received": "12:00:31.5105"
    },
    {
      "makerOrderId": "674709dfeaedf500071b832a",
      "price": "0.011727",
      "sequence": "5741155724834817",
      "side": "sell",
      "size": "659",
      "symbol": "SAMO-USDT",
      "takerOrderId": "674709df33b8f30007e158f0",
      "time": "1732708831472000000",
      "tradeId": "5741155724834817",
      "type": "match",
      "time_received": "12:00:31.5106"
    },
    {
      "makerOrderId": "674709dfeaedf500071b832a",
      "price": "0.011727",
      "sequence": "5741155744626689",
      "side": "sell",
      "size": "579",
      "symbol": "SAMO-USDT",
      "takerOrderId": "674709df5e5d4c0007a324ef",
      "time": "1732708831511000000",
      "tradeId": "5741155744626689",
      "type": "match",
      "time_received": "12:00:31.5481"
    },
    {
      "makerOrderId": "674709dfeaedf500071b832a",
      "price": "0.011727",
      "sequence": "5741155756554241",
      "side": "sell",
      "size": "192",
      "symbol": "SAMO-USDT",
      "takerOrderId": "674709df2033a50007f881fa",
      "time": "1732708831539000000",
      "tradeId": "5741155756554241",
      "type": "match",
      "time_received": "12:00:31.5794"
    },
    {
      "makerOrderId": "674709dfeaedf500071b832a",
      "price": "0.011727",
      "sequence": "5741155758258177",
      "side": "sell",
      "size": "828",
      "symbol": "SAMO-USDT",
      "takerOrderId": "674709dfb26bfb00075bcd0a",
      "time": "1732708831545000000",
      "tradeId": "5741155758258177",
      "type": "match",
      "time_received": "12:00:31.5856"
    },
    {
      "makerOrderId": "674709dfeaedf500071b832a",
      "price": "0.011727",
      "sequence": "5741155764418561",
      "side": "sell",
      "size": "613",
      "symbol": "SAMO-USDT",
      "takerOrderId": "674709df14a8920007078973",
      "time": "1732708831567000000",
      "tradeId": "5741155764418561",
      "type": "match",
      "time_received": "12:00:31.6056"
    },
    {
      "makerOrderId": "674709dfeaedf500071b832a",
      "price": "0.011727",
      "sequence": "5741155764549633",
      "side": "sell",
      "size": "1145",
      "symbol": "SAMO-USDT",
      "takerOrderId": "674709dfb38d120007fac0f8",
      "time": "1732708831567000000",
      "tradeId": "5741155764549633",
      "type": "match",
      "time_received": "12:00:31.6057"
    },
    {
      "makerOrderId": "674709dfeaedf500071b832a",
      "price": "0.011727",
      "sequence": "5741155766384641",
      "side": "sell",
      "size": "1949",
      "symbol": "SAMO-USDT",
      "takerOrderId": "674709df33b8f30007e159b9",
      "time": "1732708831574000000",
      "tradeId": "5741155766384641",
      "type": "match",
      "time_received": "12:00:31.6116"
    },
    {
      "makerOrderId": "674709dfeaedf500071b832a",
      "price": "0.011727",
      "sequence": "5741155769923585",
      "side": "sell",
      "size": "837",
      "symbol": "SAMO-USDT",
      "takerOrderId": "674709dfe21c74000711bfee",
      "time": "1732708831584000000",
      "tradeId": "5741155769923585",
      "type": "match",
      "time_received": "12:00:31.6229"
    },
    {
      "makerOrderId": "674709dfeaedf500071b832a",
      "price": "0.011727",
      "sequence": "5741155771496449",
      "side": "sell",
      "size": "692",
      "symbol": "SAMO-USDT",
      "takerOrderId": "674709dfef434f0007145a23",
      "time": "1732708831590000000",
      "tradeId": "5741155771496449",
      "type": "match",
      "time_received": "12:00:31.6294"
    },
    {
      "makerOrderId": "674709dfeaedf500071b832a",
      "price": "0.011727",
      "sequence": "5741155773200385",
      "side": "sell",
      "size": "91",
      "symbol": "SAMO-USDT",
      "takerOrderId": "674709dff61fa00007e97adb",
      "time": "1732708831596000000",
      "tradeId": "5741155773200385",
      "type": "match",
      "time_received": "12:00:31.6372"
    },
    {
      "makerOrderId": "674709dfeaedf500071b832a",
      "price": "0.011727",
      "sequence": "5741155774904321",
      "side": "sell",
      "size": "533",
      "symbol": "SAMO-USDT",
      "takerOrderId": "674709df14a892000707899d",
      "time": "1732708831598000000",
      "tradeId": "5741155774904321",
      "type": "match",
      "time_received": "12:00:31.6372"
    },
    {
      "makerOrderId": "674709dfeaedf500071b832a",
      "price": "0.011727",
      "sequence": "5741155775559681",
      "side": "sell",
      "size": "372",
      "symbol": "SAMO-USDT",
      "takerOrderId": "674709df2033a50007f88252",
      "time": "1732708831600000000",
      "tradeId": "5741155775559681",
      "type": "match",
      "time_received": "12:00:31.6486"
    },
    {
      "makerOrderId": "674709dfeaedf500071b832a",
      "price": "0.011727",
      "sequence": "5741155777001473",
      "side": "sell",
      "size": "857",
      "symbol": "SAMO-USDT",
      "takerOrderId": "674709dfef434f0007145a40",
      "time": "1732708831606000000",
      "tradeId": "5741155777001473",
      "type": "match",
      "time_received": "12:00:31.6508"
    },
    {
      "makerOrderId": "674709dfeaedf500071b832a",
      "price": "0.011727",
      "sequence": "5741155777787905",
      "side": "sell",
      "size": "636",
      "symbol": "SAMO-USDT",
      "takerOrderId": "674709df812d4000076a44c9",
      "time": "1732708831608000000",
      "tradeId": "5741155777787905",
      "type": "match",
      "time_received": "12:00:31.6509"
    },
    {
      "makerOrderId": "674709dfeaedf500071b832a",
      "price": "0.011727",
      "sequence": "5741155777918977",
      "side": "sell",
      "size": "649",
      "symbol": "SAMO-USDT",
      "takerOrderId": "674709df2033a50007f88257",
      "time": "1732708831608000000",
      "tradeId": "5741155777918977",
      "type": "match",
      "time_received": "12:00:31.6511"
    },
    {
      "makerOrderId": "674709dfeaedf500071b832a",
      "price": "0.011727",
      "sequence": "5741155778050049",
      "side": "sell",
      "size": "1011",
      "symbol": "SAMO-USDT",
      "takerOrderId": "674709dfa69a4c0007d699b7",
      "time": "1732708831609000000",
      "tradeId": "5741155778050049",
      "type": "match",
      "time_received": "12:00:31.6511"
    },
    {
      "makerOrderId": "674709dfeaedf500071b832a",
      "price": "0.011727",
      "sequence": "5741155789584385",
      "side": "sell",
      "size": "1142",
      "symbol": "SAMO-USDT",
      "takerOrderId": "674709df33b8f30007e15a12",
      "time": "1732708831637000000",
      "tradeId": "5741155789584385",
      "type": "match",
      "time_received": "12:00:31.6771"
    },
    {
      "makerOrderId": "674709dfeaedf500071b832a",
      "price": "0.011727",
      "sequence": "5741155793909761",
      "side": "sell",
      "size": "791",
      "symbol": "SAMO-USDT",
      "takerOrderId": "674709dfb6d508000730a2fc",
      "time": "1732708831647000000",
      "tradeId": "5741155793909761",
      "type": "match",
      "time_received": "12:00:31.6845"
    },
    {
      "makerOrderId": "674709dfeaedf500071b832a",
      "price": "0.011727",
      "sequence": "5741155838212097",
      "side": "sell",
      "size": "113",
      "symbol": "SAMO-USDT",
      "takerOrderId": "674709df9e4e40000744c999",
      "time": "1732708831770000000",
      "tradeId": "5741155838212097",
      "type": "match",
      "time_received": "12:00:31.8100"
    },
    {
      "makerOrderId": "674709dfeaedf500071b832a",
      "price": "0.011727",
      "sequence": "5741155838343169",
      "side": "sell",
      "size": "316",
      "symbol": "SAMO-USDT",
      "takerOrderId": "674709df33b8f30007e15ab6",
      "time": "1732708831771000000",
      "tradeId": "5741155838343169",
      "type": "match",
      "time_received": "12:00:31.8102"
    },
    {
      "makerOrderId": "674709dfeaedf500071b832a",
      "price": "0.011727",
      "sequence": "5741155840833537",
      "side": "sell",
      "size": "1119",
      "symbol": "SAMO-USDT",
      "takerOrderId": "674709df754b1e0007377494",
      "time": "1732708831781000000",
      "tradeId": "5741155840833537",
      "type": "match",
      "time_received": "12:00:31.8218"
    },
    {
      "makerOrderId": "674709dfeaedf500071b832a",
      "price": "0.011727",
      "sequence": "5741155847911425",
      "side": "sell",
      "size": "141",
      "symbol": "SAMO-USDT",
      "takerOrderId": "674709df5a555000078e1919",
      "time": "1732708831801000000",
      "tradeId": "5741155847911425",
      "type": "match",
      "time_received": "12:00:31.8379"
    },
    {
      "makerOrderId": "674709dfeaedf500071b832a",
      "price": "0.011727",
      "sequence": "5741155848566785",
      "side": "sell",
      "size": "674",
      "symbol": "SAMO-USDT",
      "takerOrderId": "674709df725fc60007871653",
      "time": "1732708831803000000",
      "tradeId": "5741155848566785",
      "type": "match",
      "time_received": "12:00:31.8379"
    },
    {
      "makerOrderId": "674709dfeaedf500071b832a",
      "price": "0.011727",
      "sequence": "5741155852630017",
      "side": "sell",
      "size": "648",
      "symbol": "SAMO-USDT",
      "takerOrderId": "674709dfe21c74000711c104",
      "time": "1732708831822000000",
      "tradeId": "5741155852630017",
      "type": "match",
      "time_received": "12:00:31.8678"
    },
    {
      "makerOrderId": "674709dfeaedf500071b832a",
      "price": "0.011727",
      "sequence": "5741155855906817",
      "side": "sell",
      "size": "353",
      "symbol": "SAMO-USDT",
      "takerOrderId": "674709df2033a50007f88340",
      "time": "1732708831828000000",
      "tradeId": "5741155855906817",
      "type": "match",
      "time_received": "12:00:31.8721"
    },
    {
      "makerOrderId": "674709dfeaedf500071b832a",
      "price": "0.011727",
      "sequence": "5741155856693249",
      "side": "sell",
      "size": "484",
      "symbol": "SAMO-USDT",
      "takerOrderId": "674709df725fc6000787166e",
      "time": "1732708831830000000",
      "tradeId": "5741155856693249",
      "type": "match",
      "time_received": "12:00:31.8722"
    },
    {
      "makerOrderId": "674709dfeaedf500071b832a",
      "price": "0.011727",
      "sequence": "5741155864950785",
      "side": "sell",
      "size": "92",
      "symbol": "SAMO-USDT",
      "takerOrderId": "674709df2033a50007f88367",
      "time": "1732708831859000000",
      "tradeId": "5741155864950785",
      "type": "match",
      "time_received": "12:00:31.8961"
    },
    {
      "makerOrderId": "674709dfeaedf500071b832a",
      "price": "0.011727",
      "sequence": "5741155871766529",
      "side": "sell",
      "size": "124",
      "symbol": "SAMO-USDT",
      "takerOrderId": "674709dfa69a4c0007d69ad7",
      "time": "1732708831876000000",
      "tradeId": "5741155871766529",
      "type": "match",
      "time_received": "12:00:31.9135"
    },
    {
      "makerOrderId": "674709dfeaedf500071b832a",
      "price": "0.011727",
      "sequence": "5741155895228417",
      "side": "sell",
      "size": "511",
      "symbol": "SAMO-USDT",
      "takerOrderId": "674709dfeaedf500071b8837",
      "time": "1732708831888000000",
      "tradeId": "5741155895228417",
      "type": "match",
      "time_received": "12:00:31.9276"
    },
    {
      "makerOrderId": "674709dfeaedf500071b832a",
      "price": "0.011727",
      "sequence": "5741155916855297",
      "side": "sell",
      "size": "342",
      "symbol": "SAMO-USDT",
      "takerOrderId": "674709dfb38d120007fac2c6",
      "time": "1732708831949000000",
      "tradeId": "5741155916855297",
      "type": "match",
      "time_received": "12:00:31.9898"
    },
    {
      "makerOrderId": "674709dfeaedf500071b832a",
      "price": "0.011727",
      "sequence": "5741155960764417",
      "side": "sell",
      "size": "560",
      "symbol": "SAMO-USDT",
      "takerOrderId": "674709e01adbea00072fe8ae",
      "time": "1732708832103000000",
      "tradeId": "5741155960764417",
      "type": "match",
      "time_received": "12:00:32.1396"
    },
    {
      "makerOrderId": "674709dfeaedf500071b832a",
      "price": "0.011727",
      "sequence": "5741156028659713",
      "side": "sell",
      "size": "951",
      "symbol": "SAMO-USDT",
      "takerOrderId": "674709e08b053b000769bca2",
      "time": "1732708832312000000",
      "tradeId": "5741156028659713",
      "type": "match",
      "time_received": "12:00:32.3519"
    },
    {
      "makerOrderId": "674709dfeaedf500071b832a",
      "price": "0.011727",
      "sequence": "5741156096423937",
      "side": "sell",
      "size": "1312",
      "symbol": "SAMO-USDT",
      "takerOrderId": "674709e0b38d120007fac5c9",
      "time": "1732708832534000000",
      "tradeId": "5741156096423937",
      "type": "match",
      "time_received": "12:00:32.5717"
    },
    {
      "makerOrderId": "674709dfeaedf500071b832a",
      "price": "0.011727",
      "sequence": "5741156098783233",
      "side": "sell",
      "size": "3201",
      "symbol": "SAMO-USDT",
      "takerOrderId": "674709e0812d4000076a4958",
      "time": "1732708832542000000",
      "tradeId": "5741156098783233",
      "type": "match",
      "time_received": "12:00:32.5819"
    },
    {
      "makerOrderId": "674709dfeaedf500071b832a",
      "price": "0.011727",
      "sequence": "5741156109793281",
      "side": "sell",
      "size": "1680",
      "symbol": "SAMO-USDT",
      "takerOrderId": "674709e0ef434f0007145ef4",
      "time": "1732708832590000000",
      "tradeId": "5741156109793281",
      "type": "match",
      "time_received": "12:00:32.6299"
    },
    {
      "makerOrderId": "674709dfeaedf500071b832a",
      "price": "0.011727",
      "sequence": "5741156116346881",
      "side": "sell",
      "size": "1153",
      "symbol": "SAMO-USDT",
      "takerOrderId": "674709e0ef434f0007145f19",
      "time": "1732708832612000000",
      "tradeId": "5741156116346881",
      "type": "match",
      "time_received": "12:00:32.6460"
    },
    {
      "makerOrderId": "674709dfeaedf500071b832a",
      "price": "0.011727",
      "sequence": "5741156130502657",
      "side": "sell",
      "size": "1274",
      "symbol": "SAMO-USDT",
      "takerOrderId": "674709e09e4e40000744ce05",
      "time": "1732708832662000000",
      "tradeId": "5741156130502657",
      "type": "match",
      "time_received": "12:00:32.7062"
    },
    {
      "makerOrderId": "674709e2b38d120007fad107",
      "price": "0.011818",
      "sequence": "5741156867258369",
      "side": "sell",
      "size": "687",
      "symbol": "SAMO-USDT",
      "takerOrderId": "674709e2a69a4c0007d6a95a",
      "time": "1732708834706000000",
      "tradeId": "5741156867258369",
      "type": "match",
      "time_received": "12:00:34.7442"
    },
    {
      "makerOrderId": "674709e2b38d120007fad107",
      "price": "0.011818",
      "sequence": "5741156872501249",
      "side": "sell",
      "size": "137",
      "symbol": "SAMO-USDT",
      "takerOrderId": "674709e28b053b000769c915",
      "time": "1732708834717000000",
      "tradeId": "5741156872501249",
      "type": "match",
      "time_received": "12:00:34.7525"
    },
    {
      "makerOrderId": "674709e2b38d120007fad107",
      "price": "0.011818",
      "sequence": "5741156874729473",
      "side": "sell",
      "size": "902",
      "symbol": "SAMO-USDT",
      "takerOrderId": "674709e2b38d120007fad146",
      "time": "1732708834723000000",
      "tradeId": "5741156874729473",
      "type": "match",
      "time_received": "12:00:34.7616"
    },
    {
      "makerOrderId": "674709e29e4e40000744d6d0",
      "price": "0.011849",
      "sequence": "5741158641317889",
      "side": "buy",
      "size": "500",
      "symbol": "SAMO-USDT",
      "takerOrderId": "674709e733b8f30007e1843f",
      "time": "1732708839085000000",
      "tradeId": "5741158641317889",
      "type": "match",
      "time_received": "12:00:39.1240"
    },
    {
      "makerOrderId": "674709e0b26bfb00075bd2ba",
      "price": "0.011948",
      "sequence": "5741158641317892",
      "side": "buy",
      "size": "313",
      "symbol": "SAMO-USDT",
      "takerOrderId": "674709e733b8f30007e1843f",
      "time": "1732708839085000000",
      "tradeId": "5741158641317892",
      "type": "match",
      "time_received": "12:00:39.1242"
    },
    {
      "makerOrderId": "674709e75e5d4c0007a3515f",
      "price": "0.01185",
      "sequence": "5741159287764993",
      "side": "buy",
      "size": "500",
      "symbol": "SAMO-USDT",
      "takerOrderId": "674709e82033a50007f8b80d",
      "time": "1732708840733000000",
      "tradeId": "5741159287764993",
      "type": "match",
      "time_received": "12:00:40.7695"
    },
    {
      "makerOrderId": "674709e7f61fa00007e9a4ff",
      "price": "0.011849",
      "sequence": "5741160094644225",
      "side": "sell",
      "size": "148",
      "symbol": "SAMO-USDT",
      "takerOrderId": "674709ebf61fa00007e9bde8",
      "time": "1732708843205000000",
      "tradeId": "5741160094644225",
      "type": "match",
      "time_received": "12:00:43.2437"
    },
    {
      "makerOrderId": "674709e7f61fa00007e9a4ff",
      "price": "0.011849",
      "sequence": "5741161026697217",
      "side": "sell",
      "size": "729",
      "symbol": "SAMO-USDT",
      "takerOrderId": "674709edef434f000714abca",
      "time": "1732708845726000000",
      "tradeId": "5741161026697217",
      "type": "match",
      "time_received": "12:00:45.7653"
    },
    {
      "makerOrderId": "674709eab26bfb00075c0cf0",
      "price": "0.011849",
      "sequence": "5741161026697220",
      "side": "sell",
      "size": "4220",
      "symbol": "SAMO-USDT",
      "takerOrderId": "674709edef434f000714abca",
      "time": "1732708845726000000",
      "tradeId": "5741161026697220",
      "type": "match",
      "time_received": "12:00:45.7654"
    },
    {
      "makerOrderId": "674709e22033a50007f890e8",
      "price": "0.0118",
      "sequence": "5741161300637697",
      "side": "sell",
      "size": "593",
      "symbol": "SAMO-USDT",
      "takerOrderId": "674709ee8b053b00076a0ed3",
      "time": "1732708846499000000",
      "tradeId": "5741161300637697",
      "type": "match",
      "time_received": "12:00:46.5316"
    },
    {
      "makerOrderId": "674709ecdcdd7b000797384d",
      "price": "0.011773",
      "sequence": "5741161300637700",
      "side": "sell",
      "size": "49",
      "symbol": "SAMO-USDT",
      "takerOrderId": "674709ee8b053b00076a0ed3",
      "time": "1732708846499000000",
      "tradeId": "5741161300637700",
      "type": "match",
      "time_received": "12:00:46.5395"
    },
    {
      "makerOrderId": "674709ecdcdd7b000797384d",
      "price": "0.011773",
      "sequence": "5741161301686273",
      "side": "sell",
      "size": "649",
      "symbol": "SAMO-USDT",
      "takerOrderId": "674709eea69a4c0007d6efe4",
      "time": "1732708846506000000",
      "tradeId": "5741161301686273",
      "type": "match",
      "time_received": "12:00:46.5461"
    },
    {
      "makerOrderId": "674709ef725fc60007876db4",
      "price": "0.011729",
      "sequence": "5741162431002625",
      "side": "sell",
      "size": "25",
      "symbol": "SAMO-USDT",
      "takerOrderId": "674709f19e4e400007452ec9",
      "time": "1732708849578000000",
      "tradeId": "5741162431002625",
      "type": "match",
      "time_received": "12:00:49.6182"
    },
    {
      "makerOrderId": "674709ee2033a50007f8d8ce",
      "price": "0.011728",
      "sequence": "5741162431002628",
      "side": "sell",
      "size": "2201",
      "symbol": "SAMO-USDT",
      "takerOrderId": "674709f19e4e400007452ec9",
      "time": "1732708849578000000",
      "tradeId": "5741162431002628",
      "type": "match",
      "time_received": "12:00:49.6184"
    },
    {
      "makerOrderId": "674709f15a555000078e7ef8",
      "price": "0.011847",
      "sequence": "5741162439653377",
      "side": "buy",
      "size": "500",
      "symbol": "SAMO-USDT",
      "takerOrderId": "674709f1ef434f000714c0f8",
      "time": "1732708849608000000",
      "tradeId": "5741162439653377",
      "type": "match",
      "time_received": "12:00:49.6453"
    },
    {
      "makerOrderId": "674709edef434f000714abca",
      "price": "0.011849",
      "sequence": "5741162439653380",
      "side": "buy",
      "size": "342",
      "symbol": "SAMO-USDT",
      "takerOrderId": "674709f1ef434f000714c0f8",
      "time": "1732708849608000000",
      "tradeId": "5741162439653380",
      "type": "match",
      "time_received": "12:00:49.6455"
    },
    {
      "makerOrderId": "674709f69e4e400007454869",
      "price": "0.011889",
      "sequence": "5741164624754689",
      "side": "buy",
      "size": "4241",
      "symbol": "SAMO-USDT",
      "takerOrderId": "674709f7812d4000076aca3c",
      "time": "1732708855392000000",
      "tradeId": "5741164624754689",
      "type": "match",
      "time_received": "12:00:55.4301"
    },
    {
      "makerOrderId": "674709f4754b1e000737e92b",
      "price": "0.01189",
      "sequence": "5741164624754692",
      "side": "buy",
      "size": "500",
      "symbol": "SAMO-USDT",
      "takerOrderId": "674709f7812d4000076aca3c",
      "time": "1732708855392000000",
      "tradeId": "5741164624754692",
      "type": "match",
      "time_received": "12:00:55.4302"
    },
    {
      "makerOrderId": "674709f7812d4000076aca3c",
      "price": "0.011984",
      "sequence": "5741166055012353",
      "side": "sell",
      "size": "1538",
      "symbol": "SAMO-USDT",
      "takerOrderId": "674709fa8b053b00076a5942",
      "time": "1732708858834000000",
      "tradeId": "5741166055012353",
      "type": "match",
      "time_received": "12:00:58.8709"
    },
    {
      "makerOrderId": "674709fa8b053b00076a5942",
      "price": "0.011799",
      "sequence": "5741166164195329",
      "side": "buy",
      "size": "2109",
      "symbol": "SAMO-USDT",
      "takerOrderId": "674709fbdcdd7b0007978c1d",
      "time": "1732708859092000000",
      "tradeId": "5741166164195329",
      "type": "match",
      "time_received": "12:00:59.1318"
    },
    {
      "makerOrderId": "674709fa8b053b00076a5942",
      "price": "0.011799",
      "sequence": "5741166307981313",
      "side": "buy",
      "size": "77376",
      "symbol": "SAMO-USDT",
      "takerOrderId": "674709fbeaedf500071c2a9e",
      "time": "1732708859482000000",
      "tradeId": "5741166307981313",
      "type": "match",
      "time_received": "12:00:59.5225"
    },
    {
      "makerOrderId": "67470a009e4e400007458e30",
      "price": "0.011851",
      "sequence": "5741168644077569",
      "side": "sell",
      "size": "4189",
      "symbol": "SAMO-USDT",
      "takerOrderId": "67470a01754b1e0007383b30",
      "time": "1732708865251000000",
      "tradeId": "5741168644077569",
      "type": "match",
      "time_received": "12:01:05.3010"
    },
    {
      "makerOrderId": "674709fb2033a50007f92856",
      "price": "0.011849",
      "sequence": "5741168644077572",
      "side": "sell",
      "size": "50538",
      "symbol": "SAMO-USDT",
      "takerOrderId": "67470a01754b1e0007383b30",
      "time": "1732708865251000000",
      "tradeId": "5741168644077572",
      "type": "match",
      "time_received": "12:01:05.3011"
    },
    {
      "makerOrderId": "67470a14725fc60007885e0a",
      "price": "0.011828",
      "sequence": "5741177556711425",
      "side": "buy",
      "size": "500",
      "symbol": "SAMO-USDT",
      "takerOrderId": "67470a14b26bfb00075d1bf2",
      "time": "1732708884996000000",
      "tradeId": "5741177556711425",
      "type": "match",
      "time_received": "12:01:25.0330"
    },
    {
      "makerOrderId": "67470a1ca69a4c0007d814ab",
      "price": "0.011833",
      "sequence": "5741180571629569",
      "side": "buy",
      "size": "427",
      "symbol": "SAMO-USDT",
      "takerOrderId": "67470a1ca69a4c0007d8174f",
      "time": "1732708892754000000",
      "tradeId": "5741180571629569",
      "type": "match",
      "time_received": "12:01:32.7958"
    },
    {
      "makerOrderId": "67470a1c5e5d4c0007a49d37",
      "price": "0.011828",
      "sequence": "5741181072324609",
      "side": "sell",
      "size": "8488",
      "symbol": "SAMO-USDT",
      "takerOrderId": "67470a1def434f000715ddc6",
      "time": "1732708893999000000",
      "tradeId": "5741181072324609",
      "type": "match",
      "time_received": "12:01:34.0411"
    },
    {
      "makerOrderId": "67470a1f8b053b00076b40d8",
      "price": "0.011823",
      "sequence": "5741181724538881",
      "side": "buy",
      "size": "776",
      "symbol": "SAMO-USDT",
      "takerOrderId": "67470a1f725fc60007889e88",
      "time": "1732708895821000000",
      "tradeId": "5741181724538881",
      "type": "match",
      "time_received": "12:01:35.8581"
    },
    {
      "makerOrderId": "67470a22439c1000075f2563",
      "price": "0.011823",
      "sequence": "5741183150340097",
      "side": "buy",
      "size": "84",
      "symbol": "SAMO-USDT",
      "takerOrderId": "67470a22754b1e0007391585",
      "time": "1732708898932000000",
      "tradeId": "5741183150340097",
      "type": "match",
      "time_received": "12:01:38.9714"
    },
    {
      "makerOrderId": "67470a231adbea0007318a69",
      "price": "0.011815",
      "sequence": "5741183877920769",
      "side": "buy",
      "size": "432",
      "symbol": "SAMO-USDT",
      "takerOrderId": "67470a24f61fa00007eb24a4",
      "time": "1732708900706000000",
      "tradeId": "5741183877920769",
      "type": "match",
      "time_received": "12:01:40.7451"
    },
    {
      "makerOrderId": "674709fbeaedf500071c2a9e",
      "price": "0.0118",
      "sequence": "5741191641184257",
      "side": "sell",
      "size": "134066",
      "symbol": "SAMO-USDT",
      "takerOrderId": "67470a37439c1000075fa3fd",
      "time": "1732708919188000000",
      "tradeId": "5741191641184257",
      "type": "match",
      "time_received": "12:01:59.2278"
    },
    {
      "makerOrderId": "67470a0114a89200070854af",
      "price": "0.0118",
      "sequence": "5741191641184260",
      "side": "sell",
      "size": "674",
      "symbol": "SAMO-USDT",
      "takerOrderId": "67470a37439c1000075fa3fd",
      "time": "1732708919188000000",
      "tradeId": "5741191641184260",
      "type": "match",
      "time_received": "12:01:59.2278"
    },
    {
      "makerOrderId": "67470a00dcdd7b000797ac9b",
      "price": "0.011799",
      "sequence": "5741191641184263",
      "side": "sell",
      "size": "501",
      "symbol": "SAMO-USDT",
      "takerOrderId": "67470a37439c1000075fa3fd",
      "time": "1732708919188000000",
      "tradeId": "5741191641184263",
      "type": "match",
      "time_received": "12:01:59.2279"
    },
    {
      "makerOrderId": "67470a3014a8920007098154",
      "price": "0.01173",
      "sequence": "5741191641184266",
      "side": "sell",
      "size": "471",
      "symbol": "SAMO-USDT",
      "takerOrderId": "67470a37439c1000075fa3fd",
      "time": "1732708919188000000",
      "tradeId": "5741191641184266",
      "type": "match",
      "time_received": "12:01:59.2279"
    },
    {
      "makerOrderId": "67470a00dcdd7b000797afa3",
      "price": "0.011729",
      "sequence": "5741191641184269",
      "side": "sell",
      "size": "8606",
      "symbol": "SAMO-USDT",
      "takerOrderId": "67470a37439c1000075fa3fd",
      "time": "1732708919188000000",
      "tradeId": "5741191641184269",
      "type": "match",
      "time_received": "12:01:59.2280"
    },
    {
      "makerOrderId": "674709dfeaedf500071b832a",
      "price": "0.011727",
      "sequence": "5741191641184272",
      "side": "sell",
      "size": "1219027",
      "symbol": "SAMO-USDT",
      "takerOrderId": "67470a37439c1000075fa3fd",
      "time": "1732708919188000000",
      "tradeId": "5741191641184272",
      "type": "match",
      "time_received": "12:01:59.2280"
    },
    {
      "makerOrderId": "674709e2a69a4c0007d6a886",
      "price": "0.011727",
      "sequence": "5741191641184275",
      "side": "sell",
      "size": "85",
      "symbol": "SAMO-USDT",
      "takerOrderId": "67470a37439c1000075fa3fd",
      "time": "1732708919188000000",
      "tradeId": "5741191641184275",
      "type": "match",
      "time_received": "12:01:59.2280"
    },
    {
      "makerOrderId": "674709fa812d4000076adfbb",
      "price": "0.011727",
      "sequence": "5741191641184278",
      "side": "sell",
      "size": "198",
      "symbol": "SAMO-USDT",
      "takerOrderId": "67470a37439c1000075fa3fd",
      "time": "1732708919188000000",
      "tradeId": "5741191641184278",
      "type": "match",
      "time_received": "12:01:59.2280"
    },
    {
      "makerOrderId": "67470a35754b1e0007398ab7",
      "price": "0.01161",
      "sequence": "5741192482011137",
      "side": "sell",
      "size": "698",
      "symbol": "SAMO-USDT",
      "takerOrderId": "67470a38754b1e0007399fd3",
      "time": "1732708921000000000",
      "tradeId": "5741192482011137",
      "type": "match",
      "time_received": "12:02:01.0481"
    },
    {
      "makerOrderId": "67470a378b053b00076bd944",
      "price": "0.011605",
      "sequence": "5741193296099329",
      "side": "sell",
      "size": "54",
      "symbol": "SAMO-USDT",
      "takerOrderId": "67470a3bf61fa00007ebaefd",
      "time": "1732708923068000000",
      "tradeId": "5741193296099329",
      "type": "match",
      "time_received": "12:02:03.1141"
    },
    {
      "makerOrderId": "67470a2de21c7400071398c8",
      "price": "0.011604",
      "sequence": "5741193296099332",
      "side": "sell",
      "size": "619",
      "symbol": "SAMO-USDT",
      "takerOrderId": "67470a3bf61fa00007ebaefd",
      "time": "1732708923068000000",
      "tradeId": "5741193296099332",
      "type": "match",
      "time_received": "12:02:03.1324"
    },
    {
      "makerOrderId": "67470a3bf61fa00007ebaefd",
      "price": "0.011604",
      "sequence": "5741193301866497",
      "side": "buy",
      "size": "7781",
      "symbol": "SAMO-USDT",
      "takerOrderId": "67470a3ba69a4c0007d8d30c",
      "time": "1732708923079000000",
      "tradeId": "5741193301866497",
      "type": "match",
      "time_received": "12:02:03.1324"
    },
    {
      "makerOrderId": "67470a3bf61fa00007ebaefd",
      "price": "0.011604",
      "sequence": "5741193301997569",
      "side": "buy",
      "size": "1718",
      "symbol": "SAMO-USDT",
      "takerOrderId": "67470a3bf61fa00007ebaf34",
      "time": "1732708923079000000",
      "tradeId": "5741193301997569",
      "type": "match",
      "time_received": "12:02:03.1325"
    },
    {
      "makerOrderId": "67470a3bf61fa00007ebaefd",
      "price": "0.011604",
      "sequence": "5741193302128641",
      "side": "buy",
      "size": "1765",
      "symbol": "SAMO-USDT",
      "takerOrderId": "67470a3b5a55500007904ecd",
      "time": "1732708923079000000",
      "tradeId": "5741193302128641",
      "type": "match",
      "time_received": "12:02:03.1325"
    },
    {
      "makerOrderId": "67470a3bf61fa00007ebaefd",
      "price": "0.011604",
      "sequence": "5741193302259713",
      "side": "buy",
      "size": "7906",
      "symbol": "SAMO-USDT",
      "takerOrderId": "67470a3bef434f000716931f",
      "time": "1732708923079000000",
      "tradeId": "5741193302259713",
      "type": "match",
      "time_received": "12:02:03.1326"
    },
    {
      "makerOrderId": "67470a3bf61fa00007ebaefd",
      "price": "0.011604",
      "sequence": "5741193302521857",
      "side": "buy",
      "size": "8018",
      "symbol": "SAMO-USDT",
      "takerOrderId": "67470a3b1adbea0007321b9f",
      "time": "1732708923080000000",
      "tradeId": "5741193302521857",
      "type": "match",
      "time_received": "12:02:03.1326"
    },
    {
      "makerOrderId": "67470a3bf61fa00007ebaefd",
      "price": "0.011604",
      "sequence": "5741193303046145",
      "side": "buy",
      "size": "1914",
      "symbol": "SAMO-USDT",
      "takerOrderId": "67470a3ba69a4c0007d8d30f",
      "time": "1732708923081000000",
      "tradeId": "5741193303046145",
      "type": "match",
      "time_received": "12:02:03.1327"
    },
    {
      "makerOrderId": "67470a3bf61fa00007ebaefd",
      "price": "0.011604",
      "sequence": "5741193303177217",
      "side": "buy",
      "size": "4843",
      "symbol": "SAMO-USDT",
      "takerOrderId": "67470a3b9e4e400007470101",
      "time": "1732708923081000000",
      "tradeId": "5741193303177217",
      "type": "match",
      "time_received": "12:02:03.1327"
    },
    {
      "makerOrderId": "67470a3bf61fa00007ebaefd",
      "price": "0.011604",
      "sequence": "5741193303308289",
      "side": "buy",
      "size": "8407",
      "symbol": "SAMO-USDT",
      "takerOrderId": "67470a3b9e4e400007470102",
      "time": "1732708923081000000",
      "tradeId": "5741193303308289",
      "type": "match",
      "time_received": "12:02:03.1328"
    },
    {
      "makerOrderId": "67470a3bf61fa00007ebaefd",
      "price": "0.011604",
      "sequence": "5741193304225793",
      "side": "buy",
      "size": "839",
      "symbol": "SAMO-USDT",
      "takerOrderId": "67470a3b725fc60007894a7e",
      "time": "1732708923082000000",
      "tradeId": "5741193304225793",
      "type": "match",
      "time_received": "12:02:03.1328"
    },
    {
      "makerOrderId": "67470a3bf61fa00007ebaefd",
      "price": "0.011604",
      "sequence": "5741193306585089",
      "side": "buy",
      "size": "7906",
      "symbol": "SAMO-USDT",
      "takerOrderId": "67470a3bb6d508000732d970",
      "time": "1732708923087000000",
      "tradeId": "5741193306585089",
      "type": "match",
      "time_received": "12:02:03.1328"
    },
    {
      "makerOrderId": "67470a3bf61fa00007ebaefd",
      "price": "0.011604",
      "sequence": "5741193311303681",
      "side": "buy",
      "size": "6898",
      "symbol": "SAMO-USDT",
      "takerOrderId": "67470a3b5e5d4c0007a55bf1",
      "time": "1732708923094000000",
      "tradeId": "5741193311303681",
      "type": "match",
      "time_received": "12:02:03.1336"
    },
    {
      "makerOrderId": "67470a3bf61fa00007ebaefd",
      "price": "0.011604",
      "sequence": "5741193311565825",
      "side": "buy",
      "size": "5219",
      "symbol": "SAMO-USDT",
      "takerOrderId": "67470a3bf61fa00007ebaf55",
      "time": "1732708923094000000",
      "tradeId": "5741193311565825",
      "type": "match",
      "time_received": "12:02:03.1474"
    },
    {
      "makerOrderId": "67470a3bf61fa00007ebaefd",
      "price": "0.011604",
      "sequence": "5741193312614401",
      "side": "buy",
      "size": "465",
      "symbol": "SAMO-USDT",
      "takerOrderId": "67470a3b812d4000076c7c58",
      "time": "1732708923095000000",
      "tradeId": "5741193312614401",
      "type": "match",
      "time_received": "12:02:03.1474"
    },
    {
      "makerOrderId": "67470a3bf61fa00007ebaefd",
      "price": "0.011604",
      "sequence": "5741193314580481",
      "side": "buy",
      "size": "2750",
      "symbol": "SAMO-USDT",
      "takerOrderId": "67470a3bb6d508000732d98f",
      "time": "1732708923097000000",
      "tradeId": "5741193314580481",
      "type": "match",
      "time_received": "12:02:03.1475"
    },
    {
      "makerOrderId": "67470a3bf61fa00007ebaefd",
      "price": "0.011604",
      "sequence": "5741193316022273",
      "side": "buy",
      "size": "3231",
      "symbol": "SAMO-USDT",
      "takerOrderId": "67470a3b1adbea0007321bc8",
      "time": "1732708923099000000",
      "tradeId": "5741193316022273",
      "type": "match",
      "time_received": "12:02:03.1475"
    },
    {
      "makerOrderId": "67470a3bf61fa00007ebaefd",
      "price": "0.011604",
      "sequence": "5741193317332993",
      "side": "buy",
      "size": "1499",
      "symbol": "SAMO-USDT",
      "takerOrderId": "67470a3b5a55500007904eef",
      "time": "1732708923100000000",
      "tradeId": "5741193317332993",
      "type": "match",
      "time_received": "12:02:03.1476"
    },
    {
      "makerOrderId": "67470a3bf61fa00007ebaefd",
      "price": "0.011604",
      "sequence": "5741193317464065",
      "side": "buy",
      "size": "3168",
      "symbol": "SAMO-USDT",
      "takerOrderId": "67470a3ba69a4c0007d8d344",
      "time": "1732708923100000000",
      "tradeId": "5741193317464065",
      "type": "match",
      "time_received": "12:02:03.1477"
    },
    {
      "makerOrderId": "67470a37f61fa00007eb9789",
      "price": "0.011699",
      "sequence": "5741193324279809",
      "side": "buy",
      "size": "8606",
      "symbol": "SAMO-USDT",
      "takerOrderId": "67470a3ba69a4c0007d8d363",
      "time": "1732708923107000000",
      "tradeId": "5741193324279809",
      "type": "match",
      "time_received": "12:02:03.1491"
    },
    {
      "makerOrderId": "67470a37439c1000075fa3fd",
      "price": "0.0117",
      "sequence": "5741193324279812",
      "side": "buy",
      "size": "1837",
      "symbol": "SAMO-USDT",
      "takerOrderId": "67470a3ba69a4c0007d8d363",
      "time": "1732708923107000000",
      "tradeId": "5741193324279812",
      "type": "match",
      "time_received": "12:02:03.1493"
    },
    {
      "makerOrderId": "67470a37439c1000075fa3fd",
      "price": "0.0117",
      "sequence": "5741193333061633",
      "side": "buy",
      "size": "935",
      "symbol": "SAMO-USDT",
      "takerOrderId": "67470a3b2033a50007fabb1b",
      "time": "1732708923119000000",
      "tradeId": "5741193333061633",
      "type": "match",
      "time_received": "12:02:03.1668"
    },
    {
      "makerOrderId": "67470a37439c1000075fa3fd",
      "price": "0.0117",
      "sequence": "5741193338959873",
      "side": "buy",
      "size": "2461",
      "symbol": "SAMO-USDT",
      "takerOrderId": "67470a3b8b053b00076bf067",
      "time": "1732708923125000000",
      "tradeId": "5741193338959873",
      "type": "match",
      "time_received": "12:02:03.1669"
    },
    {
      "makerOrderId": "67470a37439c1000075fa3fd",
      "price": "0.0117",
      "sequence": "5741193339746305",
      "side": "buy",
      "size": "11948",
      "symbol": "SAMO-USDT",
      "takerOrderId": "67470a3ba69a4c0007d8d39d",
      "time": "1732708923126000000",
      "tradeId": "5741193339746305",
      "type": "match",
      "time_received": "12:02:03.1669"
    },
    {
      "makerOrderId": "67470a37439c1000075fa3fd",
      "price": "0.0117",
      "sequence": "5741193341712385",
      "side": "buy",
      "size": "2225",
      "symbol": "SAMO-USDT",
      "takerOrderId": "67470a3bb26bfb00075e045c",
      "time": "1732708923129000000",
      "tradeId": "5741193341712385",
      "type": "match",
      "time_received": "12:02:03.1670"
    },
    {
      "makerOrderId": "67470a37439c1000075fa3fd",
      "price": "0.0117",
      "sequence": "5741193344071681",
      "side": "buy",
      "size": "13999",
      "symbol": "SAMO-USDT",
      "takerOrderId": "67470a3b9e4e40000747019f",
      "time": "1732708923133000000",
      "tradeId": "5741193344071681",
      "type": "match",
      "time_received": "12:02:03.1919"
    },
    {
      "makerOrderId": "67470a37439c1000075fa3fd",
      "price": "0.0117",
      "sequence": "5741193346037761",
      "side": "buy",
      "size": "738",
      "symbol": "SAMO-USDT",
      "takerOrderId": "67470a3ba69a4c0007d8d3b8",
      "time": "1732708923138000000",
      "tradeId": "5741193346037761",
      "type": "match",
      "time_received": "12:02:03.1919"
    },
    {
      "makerOrderId": "67470a37439c1000075fa3fd",
      "price": "0.0117",
      "sequence": "5741193346168833",
      "side": "buy",
      "size": "3350",
      "symbol": "SAMO-USDT",
      "takerOrderId": "67470a3bb26bfb00075e046e",
      "time": "1732708923138000000",
      "tradeId": "5741193346168833",
      "type": "match",
      "time_received": "12:02:03.1920"
    },
    {
      "makerOrderId": "67470a37439c1000075fa3fd",
      "price": "0.0117",
      "sequence": "5741193348134913",
      "side": "buy",
      "size": "2393",
      "symbol": "SAMO-USDT",
      "takerOrderId": "67470a3bdcdd7b0007992238",
      "time": "1732708923140000000",
      "tradeId": "5741193348134913",
      "type": "match",
      "time_received": "12:02:03.1920"
    },
    {
      "makerOrderId": "67470a37439c1000075fa3fd",
      "price": "0.0117",
      "sequence": "5741193348921345",
      "side": "buy",
      "size": "6611",
      "symbol": "SAMO-USDT",
      "takerOrderId": "67470a3b1adbea0007321c39",
      "time": "1732708923141000000",
      "tradeId": "5741193348921345",
      "type": "match",
      "time_received": "12:02:03.1981"
    },
    {
      "makerOrderId": "67470a37439c1000075fa3fd",
      "price": "0.0117",
      "sequence": "5741193352329217",
      "side": "buy",
      "size": "6364",
      "symbol": "SAMO-USDT",
      "takerOrderId": "67470a3b14a892000709bfe4",
      "time": "1732708923148000000",
      "tradeId": "5741193352329217",
      "type": "match",
      "time_received": "12:02:03.2006"
    },
    {
      "makerOrderId": "67470a37439c1000075fa3fd",
      "price": "0.0117",
      "sequence": "5741193354819585",
      "side": "buy",
      "size": "1249",
      "symbol": "SAMO-USDT",
      "takerOrderId": "67470a3bb38d120007fcfb1a",
      "time": "1732708923156000000",
      "tradeId": "5741193354819585",
      "type": "match",
      "time_received": "12:02:03.2021"
    },
    {
      "makerOrderId": "67470a37439c1000075fa3fd",
      "price": "0.0117",
      "sequence": "5741193356130305",
      "side": "buy",
      "size": "3687",
      "symbol": "SAMO-USDT",
      "takerOrderId": "67470a3b1adbea0007321c67",
      "time": "1732708923158000000",
      "tradeId": "5741193356130305",
      "type": "match",
      "time_received": "12:02:03.2021"
    },
    {
      "makerOrderId": "67470a37439c1000075fa3fd",
      "price": "0.0117",
      "sequence": "5741193356261377",
      "side": "buy",
      "size": "9563",
      "symbol": "SAMO-USDT",
      "takerOrderId": "67470a3b439c1000075fbcbf",
      "time": "1732708923158000000",
      "tradeId": "5741193356261377",
      "type": "match",
      "time_received": "12:02:03.2022"
    },
    {
      "makerOrderId": "67470a37439c1000075fa3fd",
      "price": "0.0117",
      "sequence": "5741193357309953",
      "side": "buy",
      "size": "1428",
      "symbol": "SAMO-USDT",
      "takerOrderId": "67470a3b14a892000709c000",
      "time": "1732708923160000000",
      "tradeId": "5741193357309953",
      "type": "match",
      "time_received": "12:02:03.2022"
    },
    {
      "makerOrderId": "67470a37439c1000075fa3fd",
      "price": "0.0117",
      "sequence": "5741193358227457",
      "side": "buy",
      "size": "468",
      "symbol": "SAMO-USDT",
      "takerOrderId": "67470a3b2033a50007fabb81",
      "time": "1732708923162000000",
      "tradeId": "5741193358227457",
      "type": "match",
      "time_received": "12:02:03.2022"
    },
    {
      "makerOrderId": "67470a37439c1000075fa3fd",
      "price": "0.0117",
      "sequence": "5741193359276033",
      "side": "buy",
      "size": "1273",
      "symbol": "SAMO-USDT",
      "takerOrderId": "67470a3bb6d508000732da3a",
      "time": "1732708923163000000",
      "tradeId": "5741193359276033",
      "type": "match",
      "time_received": "12:02:03.2023"
    },
    {
      "makerOrderId": "67470a37439c1000075fa3fd",
      "price": "0.0117",
      "sequence": "5741193361766401",
      "side": "buy",
      "size": "1261",
      "symbol": "SAMO-USDT",
      "takerOrderId": "67470a3b1adbea0007321c7e",
      "time": "1732708923164000000",
      "tradeId": "5741193361766401",
      "type": "match",
      "time_received": "12:02:03.2023"
    },
    {
      "makerOrderId": "67470a37439c1000075fa3fd",
      "price": "0.0117",
      "sequence": "5741193364518913",
      "side": "buy",
      "size": "5424",
      "symbol": "SAMO-USDT",
      "takerOrderId": "67470a3ba69a4c0007d8d3f4",
      "time": "1732708923170000000",
      "tradeId": "5741193364518913",
      "type": "match",
      "time_received": "12:02:03.2214"
    },
    {
      "makerOrderId": "67470a37439c1000075fa3fd",
      "price": "0.0117",
      "sequence": "5741193365305345",
      "side": "buy",
      "size": "2490",
      "symbol": "SAMO-USDT",
      "takerOrderId": "67470a3b5e5d4c0007a55cc6",
      "time": "1732708923171000000",
      "tradeId": "5741193365305345",
      "type": "match",
      "time_received": "12:02:03.2217"
    },
    {
      "makerOrderId": "67470a37439c1000075fa3fd",
      "price": "0.0117",
      "sequence": "5741193374087169",
      "side": "buy",
      "size": "3119",
      "symbol": "SAMO-USDT",
      "takerOrderId": "67470a3bf61fa00007ebb049",
      "time": "1732708923187000000",
      "tradeId": "5741193374087169",
      "type": "match",
      "time_received": "12:02:03.2234"
    },
    {
      "makerOrderId": "67470a37439c1000075fa3fd",
      "price": "0.0117",
      "sequence": "5741193378543617",
      "side": "buy",
      "size": "3665",
      "symbol": "SAMO-USDT",
      "takerOrderId": "67470a3b754b1e000739ac88",
      "time": "1732708923196000000",
      "tradeId": "5741193378543617",
      "type": "match",
      "time_received": "12:02:03.2352"
    },
    {
      "makerOrderId": "67470a37439c1000075fa3fd",
      "price": "0.0117",
      "sequence": "5741193386276865",
      "side": "buy",
      "size": "2078",
      "symbol": "SAMO-USDT",
      "takerOrderId": "67470a3be21c74000713f7f1",
      "time": "1732708923215000000",
      "tradeId": "5741193386276865",
      "type": "match",
      "time_received": "12:02:03.2651"
    },
    {
      "makerOrderId": "67470a41dcdd7b0007995b38",
      "price": "0.011673",
      "sequence": "5741199079520257",
      "side": "buy",
      "size": "4291",
      "symbol": "SAMO-USDT",
      "takerOrderId": "67470a4814a89200070a21f2",
      "time": "1732708936222000000",
      "tradeId": "5741199079520257",
      "type": "match",
      "time_received": "12:02:16.2601"
    },
    {
      "makerOrderId": "67470a41439c1000075ff594",
      "price": "0.011674",
      "sequence": "5741199079520260",
      "side": "buy",
      "size": "592",
      "symbol": "SAMO-USDT",
      "takerOrderId": "67470a4814a89200070a21f2",
      "time": "1732708936222000000",
      "tradeId": "5741199079520260",
      "type": "match",
      "time_received": "12:02:16.2602"
    },
    {
      "makerOrderId": "67470a3e14a892000709d714",
      "price": "0.011557",
      "sequence": "5741201150064641",
      "side": "sell",
      "size": "18",
      "symbol": "SAMO-USDT",
      "takerOrderId": "67470a4d33b8f30007e4122b",
      "time": "1732708941948000000",
      "tradeId": "5741201150064641",
      "type": "match",
      "time_received": "12:02:21.9881"
    },
    {
      "makerOrderId": "67470a4d33b8f30007e4122b",
      "price": "0.011557",
      "sequence": "5741204144142337",
      "side": "buy",
      "size": "633",
      "symbol": "SAMO-USDT",
      "takerOrderId": "67470a55439c100007606d73",
      "time": "1732708949329000000",
      "tradeId": "5741204144142337",
      "type": "match",
      "time_received": "12:02:29.3701"
    },
    {
      "makerOrderId": "67470a4d33b8f30007e4122b",
      "price": "0.011557",
      "sequence": "5741205393389569",
      "side": "buy",
      "size": "2644",
      "symbol": "SAMO-USDT",
      "takerOrderId": "67470a58439c100007607df5",
      "time": "1732708952771000000",
      "tradeId": "5741205393389569",
      "type": "match",
      "time_received": "12:02:32.8058"
    },
    {
      "makerOrderId": "67470a5adcdd7b000799eb65",
      "price": "0.011652",
      "sequence": "5741206704502785",
      "side": "buy",
      "size": "18",
      "symbol": "SAMO-USDT",
      "takerOrderId": "67470a5b33b8f30007e46457",
      "time": "1732708955935000000",
      "tradeId": "5741206704502785",
      "type": "match",
      "time_received": "12:02:35.9733"
    },
    {
      "makerOrderId": "67470a595a55500007911582",
      "price": "0.011653",
      "sequence": "5741206704502788",
      "side": "buy",
      "size": "1608",
      "symbol": "SAMO-USDT",
      "takerOrderId": "67470a5b33b8f30007e46457",
      "time": "1732708955935000000",
      "tradeId": "5741206704502788",
      "type": "match",
      "time_received": "12:02:35.9735"
    },
    {
      "makerOrderId": "67470a599e4e40000747c5a9",
      "price": "0.011654",
      "sequence": "5741206704502791",
      "side": "buy",
      "size": "33359",
      "symbol": "SAMO-USDT",
      "takerOrderId": "67470a5b33b8f30007e46457",
      "time": "1732708955935000000",
      "tradeId": "5741206704502791",
      "type": "match",
      "time_received": "12:02:35.9735"
    },
    {
      "makerOrderId": "67470a5b33b8f30007e462e9",
      "price": "0.011673",
      "sequence": "5741206704502794",
      "side": "buy",
      "size": "23308",
      "symbol": "SAMO-USDT",
      "takerOrderId": "67470a5b33b8f30007e46457",
      "time": "1732708955935000000",
      "tradeId": "5741206704502794",
      "type": "match",
      "time_received": "12:02:35.9736"
    },
    {
      "makerOrderId": "67470a5914a89200070a8680",
      "price": "0.011557",
      "sequence": "5741206944233473",
      "side": "sell",
      "size": "842",
      "symbol": "SAMO-USDT",
      "takerOrderId": "67470a5c9e4e40000747d7c3",
      "time": "1732708956555000000",
      "tradeId": "5741206944233473",
      "type": "match",
      "time_received": "12:02:36.5933"
    },
    {
      "makerOrderId": "67470a638b053b00076cf204",
      "price": "0.011557",
      "sequence": "5741212989536257",
      "side": "sell",
      "size": "3473",
      "symbol": "SAMO-USDT",
      "takerOrderId": "67470a6d1adbea0007334ce9",
      "time": "1732708973107000000",
      "tradeId": "5741212989536257",
      "type": "match",
      "time_received": "12:02:53.1471"
    },
    {
      "makerOrderId": "674709de812d4000076a3a6b",
      "price": "0.011556",
      "sequence": "5741212989536260",
      "side": "sell",
      "size": "2806",
      "symbol": "SAMO-USDT",
      "takerOrderId": "67470a6d1adbea0007334ce9",
      "time": "1732708973107000000",
      "tradeId": "5741212989536260",
      "type": "match",
      "time_received": "12:02:53.1472"
    },
    {
      "makerOrderId": "674709de812d4000076a3a6b",
      "price": "0.011556",
      "sequence": "5741213378820097",
      "side": "sell",
      "size": "1950",
      "symbol": "SAMO-USDT",
      "takerOrderId": "67470a6eba86a00007468fca",
      "time": "1732708974324000000",
      "tradeId": "5741213378820097",
      "type": "match",
      "time_received": "12:02:54.3647"
    },
    {
      "makerOrderId": "674709e4b6d508000730bbe8",
      "price": "0.011556",
      "sequence": "5741213378820100",
      "side": "sell",
      "size": "86",
      "symbol": "SAMO-USDT",
      "takerOrderId": "67470a6eba86a00007468fca",
      "time": "1732708974324000000",
      "tradeId": "5741213378820100",
      "type": "match",
      "time_received": "12:02:54.3648"
    },
    {
      "makerOrderId": "67470a191adbea0007314d64",
      "price": "0.011556",
      "sequence": "5741213378820103",
      "side": "sell",
      "size": "529",
      "symbol": "SAMO-USDT",
      "takerOrderId": "67470a6eba86a00007468fca",
      "time": "1732708974324000000",
      "tradeId": "5741213378820103",
      "type": "match",
      "time_received": "12:02:54.3649"
    },
    {
      "makerOrderId": "67470a6de21c740007152966",
      "price": "0.011557",
      "sequence": "5741213694179329",
      "side": "buy",
      "size": "1517",
      "symbol": "SAMO-USDT",
      "takerOrderId": "67470a6fb26bfb00075f3f0a",
      "time": "1732708975228000000",
      "tradeId": "5741213694179329",
      "type": "match",
      "time_received": "12:02:55.2636"
    },
    {
      "makerOrderId": "67470a72b6d50800073422e8",
      "price": "0.011632",
      "sequence": "5741215504152577",
      "side": "buy",
      "size": "429",
      "symbol": "SAMO-USDT",
      "takerOrderId": "67470a74e21c740007154bcf",
      "time": "1732708980447000000",
      "tradeId": "5741215504152577",
      "type": "match",
      "time_received": "12:03:00.4827"
    },
    {
      "makerOrderId": "67470a72b6d50800073422e8",
      "price": "0.011632",
      "sequence": "5741215846381569",
      "side": "buy",
      "size": "50",
      "symbol": "SAMO-USDT",
      "takerOrderId": "67470a75b38d120007fe5578",
      "time": "1732708981281000000",
      "tradeId": "5741215846381569",
      "type": "match",
      "time_received": "12:03:01.3307"
    },
    {
      "makerOrderId": "67470a758b053b00076d4e4e",
      "price": "0.011643",
      "sequence": "5741216870709249",
      "side": "buy",
      "size": "3836",
      "symbol": "SAMO-USDT",
      "takerOrderId": "67470a77b26bfb00075f7063",
      "time": "1732708983983000000",
      "tradeId": "5741216870709249",
      "type": "match",
      "time_received": "12:03:04.0257"
    },
    {
      "makerOrderId": "67470a759e4e400007485c74",
      "price": "0.011644",
      "sequence": "5741216870709252",
      "side": "buy",
      "size": "4752",
      "symbol": "SAMO-USDT",
      "takerOrderId": "67470a77b26bfb00075f7063",
      "time": "1732708983983000000",
      "tradeId": "5741216870709252",
      "type": "match",
      "time_received": "12:03:04.0259"
    },
    {
      "makerOrderId": "67470a64725fc600078a4df7",
      "price": "0.01165",
      "sequence": "5741218191259649",
      "side": "buy",
      "size": "429",
      "symbol": "SAMO-USDT",
      "takerOrderId": "67470a7b5e5d4c0007a6dbf3",
      "time": "1732708987676000000",
      "tradeId": "5741218191259649",
      "type": "match",
      "time_received": "12:03:07.7128"
    },
    {
      "makerOrderId": "67470a64725fc600078a4df7",
      "price": "0.01165",
      "sequence": "5741218363619329",
      "side": "buy",
      "size": "608",
      "symbol": "SAMO-USDT",
      "takerOrderId": "67470a7cf61fa00007ed31a5",
      "time": "1732708988119000000",
      "tradeId": "5741218363619329",
      "type": "match",
      "time_received": "12:03:08.1565"
    },
    {
      "makerOrderId": "67470a64725fc600078a4df7",
      "price": "0.01165",
      "sequence": "5741218891053057",
      "side": "buy",
      "size": "2991",
      "symbol": "SAMO-USDT",
      "takerOrderId": "67470a7dba86a000074697d9",
      "time": "1732708989739000000",
      "tradeId": "5741218891053057",
      "type": "match",
      "time_received": "12:03:09.7776"
    },
    {
      "makerOrderId": "67470a6fb26bfb00075f3f0a",
      "price": "0.011557",
      "sequence": "5741219940677633",
      "side": "sell",
      "size": "213",
      "symbol": "SAMO-USDT",
      "takerOrderId": "67470a809e4e400007489cc3",
      "time": "1732708992737000000",
      "tradeId": "5741219940677633",
      "type": "match",
      "time_received": "12:03:12.7780"
    },
    {
      "makerOrderId": "67470a75ef434f000717f2ed",
      "price": "0.011557",
      "sequence": "5741219940677636",
      "side": "sell",
      "size": "252",
      "symbol": "SAMO-USDT",
      "takerOrderId": "67470a809e4e400007489cc3",
      "time": "1732708992737000000",
      "tradeId": "5741219940677636",
      "type": "match",
      "time_received": "12:03:12.7781"
    },
    {
      "makerOrderId": "67470a64725fc600078a4df7",
      "price": "0.01165",
      "sequence": "5741220992661505",
      "side": "buy",
      "size": "8583",
      "symbol": "SAMO-USDT",
      "takerOrderId": "67470a835e5d4c0007a706a4",
      "time": "1732708995608000000",
      "tradeId": "5741220992661505",
      "type": "match",
      "time_received": "12:03:15.6415"
    },
    {
      "makerOrderId": "67470a878b053b00076db05f",
      "price": "0.011638",
      "sequence": "5741222641809409",
      "side": "buy",
      "size": "22684",
      "symbol": "SAMO-USDT",
      "takerOrderId": "67470a875e5d4c0007a71bbf",
      "time": "1732708999953000000",
      "tradeId": "5741222641809409",
      "type": "match",
      "time_received": "12:03:19.9952"
    },
    {
      "makerOrderId": "67470a93b26bfb0007601e24",
      "price": "0.011557",
      "sequence": "5741232306534401",
      "side": "sell",
      "size": "4061",
      "symbol": "SAMO-USDT",
      "takerOrderId": "67470a9f8b053b00076e48a0",
      "time": "1732709023468000000",
      "tradeId": "5741232306534401",
      "type": "match",
      "time_received": "12:03:43.5061"
    },
    {
      "makerOrderId": "67470a191adbea0007314d64",
      "price": "0.011556",
