{
  "metadata": {
    "symbol": "TOSHI",
    "channel": "match",
    "start_time": "09:59:30.0000",
    "release_time": "10:00:00.0000",
    "end_time": "10:20:00.0000",
    "total_messages": 1262,
    "final_snapshot": {
      "time": "10:20:00.7280",
      "symbol": "TOSHI-USDT",
      "price_high": "0.0002627",
      "price_last": "0.0002455",
      "price_low": "0.000168",
      "price_avg": null,
      "volValue_USDT": "73283.5059413"
    }
  },
  "data": [
    {
      "price": "0.000168",
      "sequence": "5935697955665921",
      "side": "sell",
      "size": "1000",
      "symbol": "TOSHI-USDT",
      "time": "1733220000000000000",
      "tradeId": "5935697955665921",
      "type": "match",
      "time_received": "10:00:00.2185"
    },
    {
      "makerOrderId": "674eba03725fc60007811807",
      "price": "0.0002368",
      "sequence": "5935697955665922",
      "side": "buy",
      "size": "24000",
      "symbol": "TOSHI-USDT",
      "takerOrderId": "674ed6a0725fc6000759cde4",
      "time": "1733220000166000000",
      "tradeId": "5935697955665922",
      "type": "match",
      "time_received": "10:00:00.2187"
    },
    {
      "makerOrderId": "674eba03725fc60007811807",
      "price": "0.0002368",
      "sequence": "5935697959598081",
      "side": "buy",
      "size": "370000",
      "symbol": "TOSHI-USDT",
      "takerOrderId": "674ed6a05a555000076071e2",
      "time": "1733220000175000000",
      "tradeId": "5935697959598081",
      "type": "match",
      "time_received": "10:00:00.2188"
    },
    {
      "makerOrderId": "674eba03725fc60007811807",
      "price": "0.0002368",
      "sequence": "5935697963005953",
      "side": "buy",
      "size": "20000",
      "symbol": "TOSHI-USDT",
      "takerOrderId": "674ed6a0812d4000073d7b15",
      "time": "1733220000182000000",
      "tradeId": "5935697963005953",
      "type": "match",
      "time_received": "10:00:00.2235"
    },
    {
      "makerOrderId": "674eba03725fc60007811807",
      "price": "0.0002368",
      "sequence": "5935697963530241",
      "side": "buy",
      "size": "200000",
      "symbol": "TOSHI-USDT",
      "takerOrderId": "674ed6a05a5550000760720b",
      "time": "1733220000182000000",
      "tradeId": "5935697963530241",
      "type": "match",
      "time_received": "10:00:00.2280"
    },
    {
      "makerOrderId": "674eba03725fc60007811807",
      "price": "0.0002368",
      "sequence": "5935697974409217",
      "side": "buy",
      "size": "200000",
      "symbol": "TOSHI-USDT",
      "takerOrderId": "674ed6a0b38d120007cd6a33",
      "time": "1733220000203000000",
      "tradeId": "5935697974409217",
      "type": "match",
      "time_received": "10:00:00.2417"
    },
    {
      "makerOrderId": "674eba03725fc60007811807",
      "price": "0.0002368",
      "sequence": "5935697992235009",
      "side": "buy",
      "size": "50000",
      "symbol": "TOSHI-USDT",
      "takerOrderId": "674ed6a01adbea000702ffdd",
      "time": "1733220000227000000",
      "tradeId": "5935697992235009",
      "type": "match",
      "time_received": "10:00:00.2683"
    },
    {
      "makerOrderId": "674eba03725fc60007811807",
      "price": "0.0002368",
      "sequence": "5935698006259713",
      "side": "buy",
      "size": "10000",
      "symbol": "TOSHI-USDT",
      "takerOrderId": "674ed6a05e5d4c00077659b3",
      "time": "1733220000248000000",
      "tradeId": "5935698006259713",
      "type": "match",
      "time_received": "10:00:00.2885"
    },
    {
      "makerOrderId": "674eba03725fc60007811807",
      "price": "0.0002368",
      "sequence": "5935698053707777",
      "side": "buy",
      "size": "5000",
      "symbol": "TOSHI-USDT",
      "takerOrderId": "674ed6a0dcdd7b0007697ae1",
      "time": "1733220000316000000",
      "tradeId": "5935698053707777",
      "type": "match",
      "time_received": "10:00:00.3610"
    },
    {
      "makerOrderId": "674eba03725fc60007811807",
      "price": "0.0002368",
      "sequence": "5935698054756353",
      "side": "buy",
      "size": "10000",
      "symbol": "TOSHI-USDT",
      "takerOrderId": "674ed6a05a55500007607440",
      "time": "1733220000318000000",
      "tradeId": "5935698054756353",
      "type": "match",
      "time_received": "10:00:00.3612"
    },
    {
      "makerOrderId": "674eba03725fc60007811807",
      "price": "0.0002368",
      "sequence": "5935698061441025",
      "side": "buy",
      "size": "166612",
      "symbol": "TOSHI-USDT",
      "takerOrderId": "674ed6a0725fc6000759d032",
      "time": "1733220000330000000",
      "tradeId": "5935698061441025",
      "type": "match",
      "time_received": "10:00:00.3748"
    },
    {
      "makerOrderId": "674eba0433b8f30007dbf155",
      "price": "0.0002403",
      "sequence": "5935698063144961",
      "side": "buy",
      "size": "1180413",
      "symbol": "TOSHI-USDT",
      "takerOrderId": "674ed6a0439c100007312904",
      "time": "1733220000332000000",
      "tradeId": "5935698063144961",
      "type": "match",
      "time_received": "10:00:00.3750"
    },
    {
      "makerOrderId": "674eba0433b8f30007dbf40d",
      "price": "0.000244",
      "sequence": "5935698063144964",
      "side": "buy",
      "size": "419587",
      "symbol": "TOSHI-USDT",
      "takerOrderId": "674ed6a0439c100007312904",
      "time": "1733220000332000000",
      "tradeId": "5935698063144964",
      "type": "match",
      "time_received": "10:00:00.3750"
    },
    {
      "makerOrderId": "674eba0433b8f30007dbf40d",
      "price": "0.000244",
      "sequence": "5935698069174273",
      "side": "buy",
      "size": "500000",
      "symbol": "TOSHI-USDT",
      "takerOrderId": "674ed6a05e5d4c0007765b43",
      "time": "1733220000343000000",
      "tradeId": "5935698069174273",
      "type": "match",
      "time_received": "10:00:00.3887"
    },
    {
      "makerOrderId": "674eba0433b8f30007dbf40d",
      "price": "0.000244",
      "sequence": "5935698090539009",
      "side": "buy",
      "size": "170370",
      "symbol": "TOSHI-USDT",
      "takerOrderId": "674ed6a0b26bfb00072e8503",
      "time": "1733220000376000000",
      "tradeId": "5935698090539009",
      "type": "match",
      "time_received": "10:00:00.4216"
    },
    {
      "makerOrderId": "674eba0433b8f30007dbf40d",
      "price": "0.000244",
      "sequence": "5935698093553665",
      "side": "buy",
      "size": "110342",
      "symbol": "TOSHI-USDT",
      "takerOrderId": "674ed6a0b26bfb00072e852a",
      "time": "1733220000381000000",
      "tradeId": "5935698093553665",
      "type": "match",
      "time_received": "10:00:00.4218"
    },
    {
      "makerOrderId": "674eba0433b8f30007dbf40d",
      "price": "0.000244",
      "sequence": "5935698099451905",
      "side": "buy",
      "size": "119671",
      "symbol": "TOSHI-USDT",
      "takerOrderId": "674ed6a08b053b00073cb95d",
      "time": "1733220000390000000",
      "tradeId": "5935698099451905",
      "type": "match",
      "time_received": "10:00:00.4315"
    },
    {
      "makerOrderId": "674eba0533b8f30007dbf703",
      "price": "0.0002475",
      "sequence": "5935698099451908",
      "side": "buy",
      "size": "81299",
      "symbol": "TOSHI-USDT",
      "takerOrderId": "674ed6a08b053b00073cb95d",
      "time": "1733220000390000000",
      "tradeId": "5935698099451908",
      "type": "match",
      "time_received": "10:00:00.4316"
    },
    {
      "makerOrderId": "674eba0533b8f30007dbf703",
      "price": "0.0002475",
      "sequence": "5935698120947713",
      "side": "buy",
      "size": "24000",
      "symbol": "TOSHI-USDT",
      "takerOrderId": "674ed6a0b26bfb00072e85ed",
      "time": "1733220000435000000",
      "tradeId": "5935698120947713",
      "type": "match",
      "time_received": "10:00:00.4831"
    },
    {
      "makerOrderId": "674eba0533b8f30007dbf703",
      "price": "0.0002475",
      "sequence": "5935698151094273",
      "side": "buy",
      "size": "1000",
      "symbol": "TOSHI-USDT",
      "takerOrderId": "674ed6a0754b1e00070a2685",
      "time": "1733220000485000000",
      "tradeId": "5935698151094273",
      "type": "match",
      "time_received": "10:00:00.5349"
    },
    {
      "makerOrderId": "674eba0533b8f30007dbf703",
      "price": "0.0002475",
      "sequence": "5935698153715713",
      "side": "buy",
      "size": "100000",
      "symbol": "TOSHI-USDT",
      "takerOrderId": "674ed6a01adbea0007030390",
      "time": "1733220000490000000",
      "tradeId": "5935698153715713",
      "type": "match",
      "time_received": "10:00:00.5349"
    },
    {
      "makerOrderId": "674eba0533b8f30007dbf703",
      "price": "0.0002475",
      "sequence": "5935698158434305",
      "side": "buy",
      "size": "1000000",
      "symbol": "TOSHI-USDT",
      "takerOrderId": "674ed6a0812d4000073d7f86",
      "time": "1733220000499000000",
      "tradeId": "5935698158434305",
      "type": "match",
      "time_received": "10:00:00.5423"
    },
    {
      "makerOrderId": "674eba0533b8f30007dbf703",
      "price": "0.0002475",
      "sequence": "5935698160793601",
      "side": "buy",
      "size": "1000",
      "symbol": "TOSHI-USDT",
      "takerOrderId": "674ed6a02033a50007cbc61b",
      "time": "1733220000503000000",
      "tradeId": "5935698160793601",
      "type": "match",
      "time_received": "10:00:00.5482"
    },
    {
      "makerOrderId": "674eba0533b8f30007dbf703",
      "price": "0.0002475",
      "sequence": "5935698180454401",
      "side": "buy",
      "size": "10000",
      "symbol": "TOSHI-USDT",
      "takerOrderId": "674ed6a0e21c740007e4da85",
      "time": "1733220000533000000",
      "tradeId": "5935698180454401",
      "type": "match",
      "time_received": "10:00:00.5741"
    },
    {
      "makerOrderId": "674eba0533b8f30007dbf703",
      "price": "0.0002475",
      "sequence": "5935698194348033",
      "side": "buy",
      "size": "150000",
      "symbol": "TOSHI-USDT",
      "takerOrderId": "674ed6a0e21c740007e4dad5",
      "time": "1733220000559000000",
      "tradeId": "5935698194348033",
      "type": "match",
      "time_received": "10:00:00.6040"
    },
    {
      "makerOrderId": "674eba0533b8f30007dbf703",
      "price": "0.0002475",
      "sequence": "5935698203523073",
      "side": "buy",
      "size": "20000",
      "symbol": "TOSHI-USDT",
      "takerOrderId": "674ed6a0439c100007312c3c",
      "time": "1733220000573000000",
      "tradeId": "5935698203523073",
      "type": "match",
      "time_received": "10:00:00.6130"
    },
    {
      "makerOrderId": "674eba0533b8f30007dbf703",
      "price": "0.0002475",
      "sequence": "5935698204702721",
      "side": "buy",
      "size": "88726",
      "symbol": "TOSHI-USDT",
      "takerOrderId": "674ed6a0e21c740007e4db00",
      "time": "1733220000575000000",
      "tradeId": "5935698204702721",
      "type": "match",
      "time_received": "10:00:00.6196"
    },
    {
      "makerOrderId": "674eba05812d40000764c8bc",
      "price": "0.0002513",
      "sequence": "5935698204702724",
      "side": "buy",
      "size": "275889",
      "symbol": "TOSHI-USDT",
      "takerOrderId": "674ed6a0e21c740007e4db00",
      "time": "1733220000575000000",
      "tradeId": "5935698204702724",
      "type": "match",
      "time_received": "10:00:00.6197"
    },
    {
      "makerOrderId": "674eba05812d40000764c8bc",
      "price": "0.0002513",
      "sequence": "5935699670349827",
      "side": "buy",
      "size": "53049",
      "symbol": "TOSHI-USDT",
      "takerOrderId": "674ed6a3725fc6000759ef62",
      "time": "1733220003724000000",
      "tradeId": "5935699670349827",
      "type": "match",
      "time_received": "10:00:03.7807"
    },
    {
      "makerOrderId": "674eba05812d40000764c8bc",
      "price": "0.0002513",
      "sequence": "5935700246018049",
      "side": "buy",
      "size": "55371",
      "symbol": "TOSHI-USDT",
      "takerOrderId": "674ed6a5754b1e00070a4db0",
      "time": "1733220005080000000",
      "tradeId": "5935700246018049",
      "type": "match",
      "time_received": "10:00:05.1361"
    },
    {
      "makerOrderId": "674eba05812d40000764c8bc",
      "price": "0.0002513",
      "sequence": "5935700852226049",
      "side": "buy",
      "size": "198370",
      "symbol": "TOSHI-USDT",
      "takerOrderId": "674ed6a65e5d4c0007768f97",
      "time": "1733220006405000000",
      "tradeId": "5935700852226049",
      "type": "match",
      "time_received": "10:00:06.4836"
    },
    {
      "makerOrderId": "674eba05812d40000764c8bc",
      "price": "0.0002513",
      "sequence": "5935701036644353",
      "side": "buy",
      "size": "115730",
      "symbol": "TOSHI-USDT",
      "takerOrderId": "674ed6a633b8f30007b4de47",
      "time": "1733220006867000000",
      "tradeId": "5935701036644353",
      "type": "match",
      "time_received": "10:00:06.9169"
    },
    {
      "makerOrderId": "674ed6a0b38d120007cd7006",
      "price": "0.00025",
      "sequence": "5935701339420673",
      "side": "sell",
      "size": "1000000",
      "symbol": "TOSHI-USDT",
      "takerOrderId": "674ed6a7b6d508000703784e",
      "time": "1733220007572000000",
      "tradeId": "5935701339420673",
      "type": "match",
      "time_received": "10:00:07.6211"
    },
    {
      "makerOrderId": "674ed6a0b6d5080007033f53",
      "price": "0.00025",
      "sequence": "5935701339420676",
      "side": "sell",
      "size": "30000",
      "symbol": "TOSHI-USDT",
      "takerOrderId": "674ed6a7b6d508000703784e",
      "time": "1733220007572000000",
      "tradeId": "5935701339420676",
      "type": "match",
      "time_received": "10:00:07.6212"
    },
    {
      "makerOrderId": "674ed6a5754b1e00070a5414",
      "price": "0.00025",
      "sequence": "5935701339420679",
      "side": "sell",
      "size": "1600000",
      "symbol": "TOSHI-USDT",
      "takerOrderId": "674ed6a7b6d508000703784e",
      "time": "1733220007572000000",
      "tradeId": "5935701339420679",
      "type": "match",
      "time_received": "10:00:07.6212"
    },
    {
      "makerOrderId": "674ed6a7b6d508000703784e",
      "price": "0.00025",
      "sequence": "5935701876815873",
      "side": "buy",
      "size": "178368",
      "symbol": "TOSHI-USDT",
      "takerOrderId": "674ed6a833b8f30007b4ed0b",
      "time": "1733220008721000000",
      "tradeId": "5935701876815873",
      "type": "match",
      "time_received": "10:00:08.8089"
    },
    {
      "makerOrderId": "674ed6a7b6d508000703784e",
      "price": "0.00025",
      "sequence": "5935702236215297",
      "side": "buy",
      "size": "1976053",
      "symbol": "TOSHI-USDT",
      "takerOrderId": "674ed6a91adbea0007034f12",
      "time": "1733220009618000000",
      "tradeId": "5935702236215297",
      "type": "match",
      "time_received": "10:00:09.6609"
    },
    {
      "makerOrderId": "674ed6a82033a50007cc062f",
      "price": "0.00025",
      "sequence": "5935702236215300",
      "side": "buy",
      "size": "8073",
      "symbol": "TOSHI-USDT",
      "takerOrderId": "674ed6a91adbea0007034f12",
      "time": "1733220009618000000",
      "tradeId": "5935702236215300",
      "type": "match",
      "time_received": "10:00:09.6611"
    },
    {
      "makerOrderId": "674ed6a82033a50007cc062f",
      "price": "0.00025",
      "sequence": "5935702319314945",
      "side": "buy",
      "size": "1015990",
      "symbol": "TOSHI-USDT",
      "takerOrderId": "674ed6a9b26bfb00072ed4b2",
      "time": "1733220009796000000",
      "tradeId": "5935702319314945",
      "type": "match",
      "time_received": "10:00:09.8383"
    },
    {
      "makerOrderId": "674eba05812d40000764c8bc",
      "price": "0.0002513",
      "sequence": "5935702319314948",
      "side": "buy",
      "size": "952122",
      "symbol": "TOSHI-USDT",
      "takerOrderId": "674ed6a9b26bfb00072ed4b2",
      "time": "1733220009796000000",
      "tradeId": "5935702319314948",
      "type": "match",
      "time_received": "10:00:09.8384"
    },
    {
      "makerOrderId": "674ed6a7439c100007316392",
      "price": "0.0002513",
      "sequence": "5935702319314951",
      "side": "buy",
      "size": "1205913",
      "symbol": "TOSHI-USDT",
      "takerOrderId": "674ed6a9b26bfb00072ed4b2",
      "time": "1733220009796000000",
      "tradeId": "5935702319314951",
      "type": "match",
      "time_received": "10:00:09.8385"
    },
    {
      "makerOrderId": "674ed6a7439c100007316392",
      "price": "0.0002513",
      "sequence": "5935702543710209",
      "side": "buy",
      "size": "16749",
      "symbol": "TOSHI-USDT",
      "takerOrderId": "674ed6aab6d5080007038e82",
      "time": "1733220010329000000",
      "tradeId": "5935702543710209",
      "type": "match",
      "time_received": "10:00:10.3743"
    },
    {
      "makerOrderId": "674ed6aab6d5080007038e82",
      "price": "0.000252",
      "sequence": "5935702604920833",
      "side": "sell",
      "size": "1967377",
      "symbol": "TOSHI-USDT",
      "takerOrderId": "674ed6aa812d4000073dd146",
      "time": "1733220010492000000",
      "tradeId": "5935702604920833",
      "type": "match",
      "time_received": "10:00:10.5512"
    },
    {
      "makerOrderId": "674ed6aadcdd7b000769ce35",
      "price": "0.0002513",
      "sequence": "5935702604920836",
      "side": "sell",
      "size": "3791",
      "symbol": "TOSHI-USDT",
      "takerOrderId": "674ed6aa812d4000073dd146",
      "time": "1733220010492000000",
      "tradeId": "5935702604920836",
      "type": "match",
      "time_received": "10:00:10.5513"
    },
    {
      "makerOrderId": "674ed6aab26bfb00072ed98d",
      "price": "0.0002513",
      "sequence": "5935702604920839",
      "side": "sell",
      "size": "157339",
      "symbol": "TOSHI-USDT",
      "takerOrderId": "674ed6aa812d4000073dd146",
      "time": "1733220010492000000",
      "tradeId": "5935702604920839",
      "type": "match",
      "time_received": "10:00:10.5514"
    },
    {
      "makerOrderId": "674ed6aa812d4000073dd146",
      "price": "0.00025",
      "sequence": "5935702736254977",
      "side": "buy",
      "size": "2072921",
      "symbol": "TOSHI-USDT",
      "takerOrderId": "674ed6aadcdd7b000769d0e6",
      "time": "1733220010863000000",
      "tradeId": "5935702736254977",
      "type": "match",
      "time_received": "10:00:10.9805"
    },
    {
      "makerOrderId": "674eba06dcdd7b000790b560",
      "price": "0.000255",
      "sequence": "5935702736254980",
      "side": "buy",
      "size": "280020",
      "symbol": "TOSHI-USDT",
      "takerOrderId": "674ed6aadcdd7b000769d0e6",
      "time": "1733220010863000000",
      "tradeId": "5935702736254980",
      "type": "match",
      "time_received": "10:00:10.9806"
    },
    {
      "makerOrderId": "674ed6aa2033a50007cc1b02",
      "price": "0.0002513",
      "sequence": "5935703259101185",
      "side": "sell",
      "size": "4015724",
      "symbol": "TOSHI-USDT",
      "takerOrderId": "674ed6ac725fc600075a2f1c",
      "time": "1733220012071000000",
      "tradeId": "5935703259101185",
      "type": "match",
      "time_received": "10:00:12.1754"
    },
    {
      "makerOrderId": "674eba06dcdd7b000790b560",
      "price": "0.000255",
      "sequence": "5935703305500673",
      "side": "buy",
      "size": "775193",
      "symbol": "TOSHI-USDT",
      "takerOrderId": "674ed6ac33b8f30007b5054c",
      "time": "1733220012203000000",
      "tradeId": "5935703305500673",
      "type": "match",
      "time_received": "10:00:12.2734"
    },
    {
      "makerOrderId": "674eba06dcdd7b000790b560",
      "price": "0.000255",
      "sequence": "5935703757961217",
      "side": "buy",
      "size": "775193",
      "symbol": "TOSHI-USDT",
      "takerOrderId": "674ed6addcdd7b000769e38e",
      "time": "1733220013293000000",
      "tradeId": "5935703757961217",
      "type": "match",
      "time_received": "10:00:13.3722"
    },
    {
      "makerOrderId": "674eba06dcdd7b000790b560",
      "price": "0.000255",
      "sequence": "5935703825332225",
      "side": "buy",
      "size": "15261",
      "symbol": "TOSHI-USDT",
      "takerOrderId": "674ed6ad33b8f30007b51039",
      "time": "1733220013476000000",
      "tradeId": "5935703825332225",
      "type": "match",
      "time_received": "10:00:13.5181"
    },
    {
      "makerOrderId": "674eba06b38d120007f4d88d",
      "price": "0.000259",
      "sequence": "5935704015386625",
      "side": "buy",
      "size": "380708",
      "symbol": "TOSHI-USDT",
      "takerOrderId": "674ed6ad812d4000073dea9c",
      "time": "1733220013880000000",
      "tradeId": "5935704015386625",
      "type": "match",
      "time_received": "10:00:13.9267"
    },
    {
      "makerOrderId": "674eba06b38d120007f4d88d",
      "price": "0.000259",
      "sequence": "5935704192202753",
      "side": "buy",
      "size": "189393",
      "symbol": "TOSHI-USDT",
      "takerOrderId": "674ed6ae2033a50007cc347d",
      "time": "1733220014307000000",
      "tradeId": "5935704192202753",
      "type": "match",
      "time_received": "10:00:14.3525"
    },
    {
      "makerOrderId": "674ed6ad33b8f30007b51039",
      "price": "0.000258",
      "sequence": "5935704308201473",
      "side": "sell",
      "size": "759932",
      "symbol": "TOSHI-USDT",
      "takerOrderId": "674ed6ae33b8f30007b51839",
      "time": "1733220014606000000",
      "tradeId": "5935704308201473",
      "type": "match",
      "time_received": "10:00:14.6513"
    },
    {
      "makerOrderId": "674ed6ae33b8f30007b51839",
      "price": "0.000256",
      "sequence": "5935704319735809",
      "side": "buy",
      "size": "768049",
      "symbol": "TOSHI-USDT",
      "takerOrderId": "674ed6aeb6d508000703ad9f",
      "time": "1733220014641000000",
      "tradeId": "5935704319735809",
      "type": "match",
      "time_received": "10:00:14.6837"
    },
    {
      "makerOrderId": "674ed6ae33b8f30007b51839",
      "price": "0.000256",
      "sequence": "5935704343984129",
      "side": "buy",
      "size": "757575",
      "symbol": "TOSHI-USDT",
      "takerOrderId": "674ed6ae439c100007319c03",
      "time": "1733220014704000000",
      "tradeId": "5935704343984129",
      "type": "match",
      "time_received": "10:00:14.7459"
    },
    {
      "makerOrderId": "674ed6ae33b8f30007b51839",
      "price": "0.000256",
      "sequence": "5935704443074561",
      "side": "buy",
      "size": "67385",
      "symbol": "TOSHI-USDT",
      "takerOrderId": "674ed6ae14a8920007db1226",
      "time": "1733220014966000000",
      "tradeId": "5935704443074561",
      "type": "match",
      "time_received": "10:00:15.0096"
    },
    {
      "makerOrderId": "674eba06b38d120007f4d88d",
      "price": "0.000259",
      "sequence": "5935704443074564",
      "side": "buy",
      "size": "697140",
      "symbol": "TOSHI-USDT",
      "takerOrderId": "674ed6ae14a8920007db1226",
      "time": "1733220014966000000",
      "tradeId": "5935704443074564",
      "type": "match",
      "time_received": "10:00:15.0097"
    },
    {
      "makerOrderId": "674ed6afb6d508000703b154",
      "price": "0.000258",
      "sequence": "5935704760137729",
      "side": "buy",
      "size": "189393",
      "symbol": "TOSHI-USDT",
      "takerOrderId": "674ed6afdcdd7b000769f503",
      "time": "1733220015887000000",
      "tradeId": "5935704760137729",
      "type": "match",
      "time_received": "10:00:15.9294"
    },
    {
      "makerOrderId": "674ed6afb6d508000703b154",
      "price": "0.000258",
      "sequence": "5935704926074881",
      "side": "buy",
      "size": "570539",
      "symbol": "TOSHI-USDT",
      "takerOrderId": "674ed6b0ef434f0007e83f33",
      "time": "1733220016385000000",
      "tradeId": "5935704926074881",
      "type": "match",
      "time_received": "10:00:16.4979"
    },
    {
      "makerOrderId": "674eba06b38d120007f4d88d",
      "price": "0.000259",
      "sequence": "5935704926074884",
      "side": "buy",
      "size": "198581",
      "symbol": "TOSHI-USDT",
      "takerOrderId": "674ed6b0ef434f0007e83f33",
      "time": "1733220016385000000",
      "tradeId": "5935704926074884",
      "type": "match",
      "time_received": "10:00:16.4980"
    },
    {
      "makerOrderId": "674eba06b38d120007f4d88d",
      "price": "0.000259",
      "sequence": "5935705026869249",
      "side": "buy",
      "size": "598052",
      "symbol": "TOSHI-USDT",
      "takerOrderId": "674ed6b0439c10000731a83d",
      "time": "1733220016699000000",
      "tradeId": "5935705026869249",
      "type": "match",
      "time_received": "10:00:16.7461"
    },
    {
      "makerOrderId": "674eba07dcdd7b000790bbdc",
      "price": "0.0002627",
      "sequence": "5935705026869252",
      "side": "buy",
      "size": "101931",
      "symbol": "TOSHI-USDT",
      "takerOrderId": "674ed6b0439c10000731a83d",
      "time": "1733220016699000000",
      "tradeId": "5935705026869252",
      "type": "match",
      "time_received": "10:00:16.7462"
    },
    {
      "makerOrderId": "674eba07dcdd7b000790bbdc",
      "price": "0.0002627",
      "sequence": "5935705189791745",
      "side": "buy",
      "size": "2009",
      "symbol": "TOSHI-USDT",
      "takerOrderId": "674ed6b1b38d120007cdee34",
      "time": "1733220017048000000",
      "tradeId": "5935705189791745",
      "type": "match",
      "time_received": "10:00:17.0921"
    },
    {
      "makerOrderId": "674eba07dcdd7b000790bbdc",
      "price": "0.0002627",
      "sequence": "5935705474873345",
      "side": "buy",
      "size": "3805",
      "symbol": "TOSHI-USDT",
      "takerOrderId": "674ed6b133b8f30007b52ebe",
      "time": "1733220017578000000",
      "tradeId": "5935705474873345",
      "type": "match",
      "time_received": "10:00:17.6493"
    },
    {
      "makerOrderId": "674eba07dcdd7b000790bbdc",
      "price": "0.0002627",
      "sequence": "5935705490995201",
      "side": "buy",
      "size": "183823",
      "symbol": "TOSHI-USDT",
      "takerOrderId": "674ed6b12033a50007cc4d9e",
      "time": "1733220017612000000",
      "tradeId": "5935705490995201",
      "type": "match",
      "time_received": "10:00:17.7117"
    },
    {
      "makerOrderId": "674eba07dcdd7b000790bbdc",
      "price": "0.0002627",
      "sequence": "5935705557710849",
      "side": "buy",
      "size": "3787",
      "symbol": "TOSHI-USDT",
      "takerOrderId": "674ed6b1ef434f0007e84c02",
      "time": "1733220017757000000",
      "tradeId": "5935705557710849",
      "type": "match",
      "time_received": "10:00:17.8502"
    },
    {
      "makerOrderId": "674eba07dcdd7b000790bbdc",
      "price": "0.0002627",
      "sequence": "5935705643825153",
      "side": "buy",
      "size": "3770",
      "symbol": "TOSHI-USDT",
      "takerOrderId": "674ed6b15a555000076100c8",
      "time": "1733220017929000000",
      "tradeId": "5935705643825153",
      "type": "match",
      "time_received": "10:00:17.9737"
    },
    {
      "makerOrderId": "674eba07dcdd7b000790bbdc",
      "price": "0.0002627",
      "sequence": "5935705667155969",
      "side": "buy",
      "size": "751879",
      "symbol": "TOSHI-USDT",
      "takerOrderId": "674ed6b233b8f30007b53250",
      "time": "1733220018012000000",
      "tradeId": "5935705667155969",
      "type": "match",
      "time_received": "10:00:18.0550"
    },
    {
      "makerOrderId": "674eba07dcdd7b000790bbdc",
      "price": "0.0002627",
      "sequence": "5935705701496833",
      "side": "buy",
      "size": "3770",
      "symbol": "TOSHI-USDT",
      "takerOrderId": "674ed6b2754b1e00070ab198",
      "time": "1733220018121000000",
      "tradeId": "5935705701496833",
      "type": "match",
      "time_received": "10:00:18.1681"
    },
    {
      "makerOrderId": "674eba07dcdd7b000790bbdc",
      "price": "0.0002627",
      "sequence": "5935705760479233",
      "side": "buy",
      "size": "3770",
      "symbol": "TOSHI-USDT",
      "takerOrderId": "674ed6b2a69a4c0007a99449",
      "time": "1733220018302000000",
      "tradeId": "5935705760479233",
      "type": "match",
      "time_received": "10:00:18.4282"
    },
    {
      "makerOrderId": "674ed6b1439c10000731af2e",
      "price": "0.0002616",
      "sequence": "5935705780008961",
      "side": "sell",
      "size": "3822",
      "symbol": "TOSHI-USDT",
      "takerOrderId": "674ed6b2ef434f0007e8500d",
      "time": "1733220018352000000",
      "tradeId": "5935705780008961",
      "type": "match",
      "time_received": "10:00:18.4283"
    },
    {
      "makerOrderId": "674ed6b0b6d508000703bc9a",
      "price": "0.0002592",
      "sequence": "5935705780008964",
      "side": "sell",
      "size": "3858",
      "symbol": "TOSHI-USDT",
      "takerOrderId": "674ed6b2ef434f0007e8500d",
      "time": "1733220018352000000",
      "tradeId": "5935705780008964",
      "type": "match",
      "time_received": "10:00:18.4284"
    },
    {
      "makerOrderId": "674ed6b0e21c740007e5565f",
      "price": "0.0002568",
      "sequence": "5935705780008967",
      "side": "sell",
      "size": "3894",
      "symbol": "TOSHI-USDT",
      "takerOrderId": "674ed6b2ef434f0007e8500d",
      "time": "1733220018352000000",
      "tradeId": "5935705780008967",
      "type": "match",
      "time_received": "10:00:18.4284"
    },
    {
      "makerOrderId": "674ed6b22033a50007cc51e7",
      "price": "0.000256",
      "sequence": "5935705780008970",
      "side": "sell",
      "size": "195312",
      "symbol": "TOSHI-USDT",
      "takerOrderId": "674ed6b2ef434f0007e8500d",
      "time": "1733220018352000000",
      "tradeId": "5935705780008970",
      "type": "match",
      "time_received": "10:00:18.4285"
    },
    {
      "makerOrderId": "674ed6b15a5550000760ffc0",
      "price": "0.000255",
      "sequence": "5935705780008973",
      "side": "sell",
      "size": "196078",
      "symbol": "TOSHI-USDT",
      "takerOrderId": "674ed6b2ef434f0007e8500d",
      "time": "1733220018352000000",
      "tradeId": "5935705780008973",
      "type": "match",
      "time_received": "10:00:18.4285"
    },
    {
      "makerOrderId": "674ed6b033b8f30007b5272f",
      "price": "0.000254",
      "sequence": "5935705780008976",
      "side": "sell",
      "size": "393700",
      "symbol": "TOSHI-USDT",
      "takerOrderId": "674ed6b2ef434f0007e8500d",
      "time": "1733220018352000000",
      "tradeId": "5935705780008976",
      "type": "match",
      "time_received": "10:00:18.4285"
    },
    {
      "makerOrderId": "674ed6b2439c10000731b5fc",
      "price": "0.0002535",
      "sequence": "5935705780008979",
      "side": "sell",
      "size": "190730",
      "symbol": "TOSHI-USDT",
      "takerOrderId": "674ed6b2ef434f0007e8500d",
      "time": "1733220018352000000",
      "tradeId": "5935705780008979",
      "type": "match",
      "time_received": "10:00:18.4286"
    },
    {
      "makerOrderId": "674ed6b22033a50007cc51a4",
      "price": "0.0002535",
      "sequence": "5935705780008982",
      "side": "sell",
      "size": "190730",
      "symbol": "TOSHI-USDT",
      "takerOrderId": "674ed6b2ef434f0007e8500d",
      "time": "1733220018352000000",
      "tradeId": "5935705780008982",
      "type": "match",
      "time_received": "10:00:18.4286"
    },
    {
      "makerOrderId": "674ed6b28b053b00073d4687",
      "price": "0.0002535",
      "sequence": "5935705780008985",
      "side": "sell",
      "size": "190730",
      "symbol": "TOSHI-USDT",
      "takerOrderId": "674ed6b2ef434f0007e8500d",
      "time": "1733220018352000000",
      "tradeId": "5935705780008985",
      "type": "match",
      "time_received": "10:00:18.4286"
    },
    {
      "makerOrderId": "674ed6b1f61fa00007bcfe94",
      "price": "0.000253",
      "sequence": "5935705780008988",
      "side": "sell",
      "size": "197628",
      "symbol": "TOSHI-USDT",
      "takerOrderId": "674ed6b2ef434f0007e8500d",
      "time": "1733220018352000000",
      "tradeId": "5935705780008988",
      "type": "match",
      "time_received": "10:00:18.4287"
    },
    {
      "makerOrderId": "674ed6b22033a50007cc5124",
      "price": "0.0002525",
      "sequence": "5935705780008991",
      "side": "sell",
      "size": "792079",
      "symbol": "TOSHI-USDT",
      "takerOrderId": "674ed6b2ef434f0007e8500d",
      "time": "1733220018352000000",
      "tradeId": "5935705780008991",
      "type": "match",
      "time_received": "10:00:18.4287"
    },
    {
      "makerOrderId": "674ed6aa2033a50007cc1b02",
      "price": "0.0002513",
      "sequence": "5935705780008994",
      "side": "sell",
      "size": "3610616",
      "symbol": "TOSHI-USDT",
      "takerOrderId": "674ed6b2ef434f0007e8500d",
      "time": "1733220018352000000",
      "tradeId": "5935705780008994",
      "type": "match",
      "time_received": "10:00:18.4288"
    },
    {
      "makerOrderId": "674ed6ab5e5d4c000776b22f",
      "price": "0.0002513",
      "sequence": "5935705780008997",
      "side": "sell",
      "size": "478671",
      "symbol": "TOSHI-USDT",
      "takerOrderId": "674ed6b2ef434f0007e8500d",
      "time": "1733220018352000000",
      "tradeId": "5935705780008997",
      "type": "match",
      "time_received": "10:00:18.4288"
    },
    {
      "makerOrderId": "674ed6abdcdd7b000769d2b2",
      "price": "0.0002513",
      "sequence": "5935705780009000",
      "side": "sell",
      "size": "151213",
      "symbol": "TOSHI-USDT",
      "takerOrderId": "674ed6b2ef434f0007e8500d",
      "time": "1733220018352000000",
      "tradeId": "5935705780009000",
      "type": "match",
      "time_received": "10:00:18.4288"
    },
    {
      "makerOrderId": "674ed6ac725fc600075a305d",
      "price": "0.0002513",
      "sequence": "5935705780009003",
      "side": "sell",
      "size": "1655061",
      "symbol": "TOSHI-USDT",
      "takerOrderId": "674ed6b2ef434f0007e8500d",
      "time": "1733220018352000000",
      "tradeId": "5935705780009003",
      "type": "match",
      "time_received": "10:00:18.4289"
    },
    {
      "makerOrderId": "674eba07dcdd7b000790bbdc",
      "price": "0.0002627",
      "sequence": "5935705819461633",
      "side": "buy",
      "size": "3770",
      "symbol": "TOSHI-USDT",
      "takerOrderId": "674ed6b28b053b00073d489d",
      "time": "1733220018460000000",
      "tradeId": "5935705819461633",
      "type": "match",
      "time_received": "10:00:18.5228"
    },
    {
      "makerOrderId": "674ed6b2a69a4c0007a99602",
      "price": "0.0002626",
      "sequence": "5935705893648385",
      "side": "buy",
      "size": "3770",
      "symbol": "TOSHI-USDT",
      "takerOrderId": "674ed6b2e21c740007e56812",
      "time": "1733220018661000000",
      "tradeId": "5935705893648385",
      "type": "match",
      "time_received": "10:00:18.7216"
    },
    {
      "makerOrderId": "674ed6b2a69a4c0007a99602",
      "price": "0.0002626",
      "sequence": "5935705943193601",
      "side": "buy",
      "size": "3753",
      "symbol": "TOSHI-USDT",
      "takerOrderId": "674ed6b2a69a4c0007a99785",
      "time": "1733220018807000000",
      "tradeId": "5935705943193601",
      "type": "match",
      "time_received": "10:00:18.8518"
    },
    {
      "makerOrderId": "674ed6b3ef434f0007e8573b",
      "price": "0.000261",
      "sequence": "5935706264188929",
      "side": "buy",
      "size": "3822",
      "symbol": "TOSHI-USDT",
      "takerOrderId": "674ed6b3754b1e00070abc6f",
      "time": "1733220019640000000",
      "tradeId": "5935706264188929",
      "type": "match",
      "time_received": "10:00:19.6842"
    },
    {
      "makerOrderId": "674ed6b3ef434f0007e8573b",
      "price": "0.000261",
      "sequence": "5935706328807425",
      "side": "buy",
      "size": "3822",
      "symbol": "TOSHI-USDT",
      "takerOrderId": "674ed6b333b8f30007b53ef7",
      "time": "1733220019837000000",
      "tradeId": "5935706328807425",
      "type": "match",
      "time_received": "10:00:19.8807"
    },
    {
      "makerOrderId": "674ed6b314a8920007db31fd",
      "price": "0.0002604",
      "sequence": "5935706336016385",
      "side": "sell",
      "size": "3840",
      "symbol": "TOSHI-USDT",
      "takerOrderId": "674ed6b3a69a4c0007a99efc",
      "time": "1733220019859000000",
      "tradeId": "5935706336016385",
      "type": "match",
      "time_received": "10:00:19.9005"
    },
    {
      "makerOrderId": "674ed6b3ef434f0007e857c9",
      "price": "0.0002604",
      "sequence": "5935706336016388",
      "side": "sell",
      "size": "3840",
      "symbol": "TOSHI-USDT",
      "takerOrderId": "674ed6b3a69a4c0007a99efc",
      "time": "1733220019859000000",
      "tradeId": "5935706336016388",
      "type": "match",
      "time_received": "10:00:19.9006"
    },
    {
      "makerOrderId": "674ed6b3754b1e00070abe48",
      "price": "0.000258",
      "sequence": "5935706430519297",
      "side": "buy",
      "size": "3805",
      "symbol": "TOSHI-USDT",
      "takerOrderId": "674ed6b48b053b00073d5379",
      "time": "1733220020092000000",
      "tradeId": "5935706430519297",
      "type": "match",
      "time_received": "10:00:20.1391"
    },
    {
      "makerOrderId": "674ed6b38b053b00073d4e55",
      "price": "0.0002519",
      "sequence": "5935706589509633",
      "side": "sell",
      "size": "81778",
      "symbol": "TOSHI-USDT",
      "takerOrderId": "674ed6b49e4e400007181611",
      "time": "1733220020546000000",
      "tradeId": "5935706589509633",
      "type": "match",
      "time_received": "10:00:20.5914"
    },
    {
      "makerOrderId": "674ed6b2b26bfb00072f15ba",
      "price": "0.0002514",
      "sequence": "5935706589509636",
      "side": "sell",
      "size": "3823",
      "symbol": "TOSHI-USDT",
      "takerOrderId": "674ed6b49e4e400007181611",
      "time": "1733220020546000000",
      "tradeId": "5935706589509636",
      "type": "match",
      "time_received": "10:00:20.5915"
    },
    {
      "makerOrderId": "674ed6b2754b1e00070ab4da",
      "price": "0.0002514",
      "sequence": "5935706589509639",
      "side": "sell",
      "size": "3823",
      "symbol": "TOSHI-USDT",
      "takerOrderId": "674ed6b49e4e400007181611",
      "time": "1733220020546000000",
      "tradeId": "5935706589509639",
      "type": "match",
      "time_received": "10:00:20.5915"
    },
    {
      "makerOrderId": "674ed6b233b8f30007b5366f",
      "price": "0.0002514",
      "sequence": "5935706589509642",
      "side": "sell",
      "size": "3823",
      "symbol": "TOSHI-USDT",
      "takerOrderId": "674ed6b49e4e400007181611",
      "time": "1733220020546000000",
      "tradeId": "5935706589509642",
      "type": "match",
      "time_received": "10:00:20.5915"
    },
    {
      "makerOrderId": "674ed6ac725fc600075a305d",
      "price": "0.0002513",
      "sequence": "5935706589509645",
      "side": "sell",
      "size": "85051",
      "symbol": "TOSHI-USDT",
      "takerOrderId": "674ed6b49e4e400007181611",
      "time": "1733220020546000000",
      "tradeId": "5935706589509645",
      "type": "match",
      "time_received": "10:00:20.5916"
    },
    {
      "makerOrderId": "674ed6ac5e5d4c000776bb47",
      "price": "0.0002513",
      "sequence": "5935706589509648",
      "side": "sell",
      "size": "19459",
      "symbol": "TOSHI-USDT",
      "takerOrderId": "674ed6b49e4e400007181611",
      "time": "1733220020546000000",
      "tradeId": "5935706589509648",
      "type": "match",
      "time_received": "10:00:20.5916"
    },
    {
      "makerOrderId": "674ed6ac8b053b00073d1c12",
      "price": "0.0002513",
      "sequence": "5935706589509651",
      "side": "sell",
      "size": "175459",
      "symbol": "TOSHI-USDT",
      "takerOrderId": "674ed6b49e4e400007181611",
      "time": "1733220020546000000",
      "tradeId": "5935706589509651",
      "type": "match",
      "time_received": "10:00:20.5917"
    },
    {
      "makerOrderId": "674ed6b4b38d120007ce0a52",
      "price": "0.0002568",
      "sequence": "5935706629093377",
      "side": "buy",
      "size": "10839",
      "symbol": "TOSHI-USDT",
      "takerOrderId": "674ed6b41e254f0007a15a1b",
      "time": "1733220020667000000",
      "tradeId": "5935706629093377",
      "type": "match",
      "time_received": "10:00:20.7073"
    },
    {
      "makerOrderId": "674ed6b43d4b3d00075339c5",
      "price": "0.000256",
      "sequence": "5935706816133121",
      "side": "sell",
      "size": "581374",
      "symbol": "TOSHI-USDT",
      "takerOrderId": "674ed6b5439c10000731c998",
      "time": "1733220021008000000",
      "tradeId": "5935706816133121",
      "type": "match",
      "time_received": "10:00:21.0534"
    },
    {
      "makerOrderId": "674ed6b43d4b3d00075339c5",
      "price": "0.000256",
      "sequence": "5935706888222721",
      "side": "sell",
      "size": "32021",
      "symbol": "TOSHI-USDT",
      "takerOrderId": "674ed6b52033a50007cc65ef",
      "time": "1733220021160000000",
      "tradeId": "5935706888222721",
      "type": "match",
      "time_received": "10:00:21.2701"
    },
    {
      "makerOrderId": "674ed6ac8b053b00073d1c12",
      "price": "0.0002513",
      "sequence": "5935706888222724",
      "side": "sell",
      "size": "157372",
      "symbol": "TOSHI-USDT",
      "takerOrderId": "674ed6b52033a50007cc65ef",
      "time": "1733220021160000000",
      "tradeId": "5935706888222724",
      "type": "match",
      "time_received": "10:00:21.2702"
    },
    {
      "makerOrderId": "674ed6b4b38d120007ce0a52",
      "price": "0.0002568",
      "sequence": "5935706965293057",
      "side": "buy",
      "size": "3875",
      "symbol": "TOSHI-USDT",
      "takerOrderId": "674ed6b51adbea000703a3d1",
      "time": "1733220021333000000",
      "tradeId": "5935706965293057",
      "type": "match",
      "time_received": "10:00:21.3740"
    },
    {
      "makerOrderId": "674ed6b4b38d120007ce0a52",
      "price": "0.0002568",
      "sequence": "5935707252078593",
      "side": "buy",
      "size": "3894",
      "symbol": "TOSHI-USDT",
      "takerOrderId": "674ed6b6754b1e00070acc63",
      "time": "1733220022052000000",
      "tradeId": "5935707252078593",
      "type": "match",
      "time_received": "10:00:22.0977"
    },
    {
      "makerOrderId": "674ed6b4b38d120007ce0a52",
      "price": "0.0002568",
      "sequence": "5935707640444929",
      "side": "buy",
      "size": "3875",
      "symbol": "TOSHI-USDT",
      "takerOrderId": "674ed6b61adbea000703af59",
      "time": "1733220023002000000",
      "tradeId": "5935707640444929",
      "type": "match",
      "time_received": "10:00:23.0458"
    },
    {
      "makerOrderId": "674ed6b4b38d120007ce0a52",
      "price": "0.0002568",
      "sequence": "5935707734292481",
      "side": "buy",
      "size": "3840",
      "symbol": "TOSHI-USDT",
      "takerOrderId": "674ed6b7754b1e00070ad425",
      "time": "1733220023207000000",
      "tradeId": "5935707734292481",
      "type": "match",
      "time_received": "10:00:23.2511"
    },
    {
      "makerOrderId": "674ed6b4b38d120007ce0a52",
      "price": "0.0002568",
      "sequence": "5935707809134593",
      "side": "buy",
      "size": "3840",
      "symbol": "TOSHI-USDT",
      "takerOrderId": "674ed6b7439c10000731d9a6",
      "time": "1733220023414000000",
      "tradeId": "5935707809134593",
      "type": "match",
      "time_received": "10:00:23.4589"
    },
    {
      "makerOrderId": "674ed6b4b38d120007ce0a52",
      "price": "0.0002568",
      "sequence": "5935707892365313",
      "side": "buy",
      "size": "133150",
      "symbol": "TOSHI-USDT",
      "takerOrderId": "674ed6b71e254f0007a15c9f",
      "time": "1733220023633000000",
      "tradeId": "5935707892365313",
      "type": "match",
      "time_received": "10:00:23.6784"
    },
    {
      "makerOrderId": "674ed6b4b38d120007ce0a52",
      "price": "0.0002568",
      "sequence": "5935707907045377",
      "side": "buy",
      "size": "3822",
      "symbol": "TOSHI-USDT",
      "takerOrderId": "674ed6b733b8f30007b55834",
      "time": "1733220023669000000",
      "tradeId": "5935707907045377",
      "type": "match",
      "time_received": "10:00:23.7131"
    },
    {
      "makerOrderId": "674ed6b4b38d120007ce0a52",
      "price": "0.0002568",
      "sequence": "5935707922249729",
      "side": "buy",
      "size": "9848",
      "symbol": "TOSHI-USDT",
      "takerOrderId": "674ed6b7a69a4c0007a9b851",
      "time": "1733220023707000000",
      "tradeId": "5935707922249729",
      "type": "match",
      "time_received": "10:00:23.7517"
    },
    {
      "makerOrderId": "674ed6b68b053b00073d6457",
      "price": "0.0002556",
      "sequence": "5935708071671809",
      "side": "sell",
      "size": "3912",
      "symbol": "TOSHI-USDT",
      "takerOrderId": "674ed6b8ef434f0007e87692",
      "time": "1733220024084000000",
      "tradeId": "5935708071671809",
      "type": "match",
      "time_received": "10:00:24.1348"
    },
    {
      "makerOrderId": "674ed6b6f61fa00007bd23d3",
      "price": "0.0002556",
      "sequence": "5935708071671812",
      "side": "sell",
      "size": "3912",
      "symbol": "TOSHI-USDT",
      "takerOrderId": "674ed6b8ef434f0007e87692",
      "time": "1733220024084000000",
      "tradeId": "5935708071671812",
      "type": "match",
      "time_received": "10:00:24.1351"
    },
    {
      "makerOrderId": "674ed6b8ef434f0007e87692",
      "price": "0.000255",
      "sequence": "5935708278765569",
      "side": "buy",
      "size": "3875",
      "symbol": "TOSHI-USDT",
      "takerOrderId": "674ed6b8439c10000731e11c",
      "time": "1733220024556000000",
      "tradeId": "5935708278765569",
      "type": "match",
      "time_received": "10:00:24.6074"
    },
    {
      "makerOrderId": "674ed6b8ef434f0007e87692",
      "price": "0.000255",
      "sequence": "5935708350593025",
      "side": "buy",
      "size": "3840",
      "symbol": "TOSHI-USDT",
      "takerOrderId": "674ed6b8b6d508000703f46d",
      "time": "1733220024759000000",
      "tradeId": "5935708350593025",
      "type": "match",
      "time_received": "10:00:24.8044"
    },
    {
      "makerOrderId": "674ed6b8ef434f0007e87692",
      "price": "0.000255",
      "sequence": "5935708621387777",
      "side": "buy",
      "size": "3912",
      "symbol": "TOSHI-USDT",
      "takerOrderId": "674ed6b933b8f30007b563de",
      "time": "1733220025408000000",
      "tradeId": "5935708621387777",
      "type": "match",
      "time_received": "10:00:25.4538"
    },
    {
      "makerOrderId": "674ed6b8ef434f0007e87692",
      "price": "0.000255",
      "sequence": "5935708637116417",
      "side": "buy",
      "size": "3894",
      "symbol": "TOSHI-USDT",
      "takerOrderId": "674ed6b9754b1e00070ae2ae",
      "time": "1733220025440000000",
      "tradeId": "5935708637116417",
      "type": "match",
      "time_received": "10:00:25.4835"
    },
    {
      "makerOrderId": "674ed6b8ef434f0007e87692",
      "price": "0.000255",
      "sequence": "5935708731619329",
      "side": "buy",
      "size": "3858",
      "symbol": "TOSHI-USDT",
      "takerOrderId": "674ed6b9f61fa00007bd3650",
      "time": "1733220025629000000",
      "tradeId": "5935708731619329",
      "type": "match",
      "time_received": "10:00:25.6720"
    },
    {
      "makerOrderId": "674ed6b8ef434f0007e87692",
      "price": "0.000255",
      "sequence": "5935708802267137",
      "side": "buy",
      "size": "3840",
      "symbol": "TOSHI-USDT",
      "takerOrderId": "674ed6b91adbea000703c203",
      "time": "1733220025809000000",
      "tradeId": "5935708802267137",
      "type": "match",
      "time_received": "10:00:25.8550"
    },
    {
      "makerOrderId": "674ed6b8ef434f0007e87692",
      "price": "0.000255",
      "sequence": "5935708888250369",
      "side": "buy",
      "size": "3840",
      "symbol": "TOSHI-USDT",
      "takerOrderId": "674ed6b9b38d120007ce2e95",
      "time": "1733220025997000000",
      "tradeId": "5935708888250369",
      "type": "match",
      "time_received": "10:00:26.0399"
    },
    {
      "makerOrderId": "674ed6b8ef434f0007e87692",
      "price": "0.000255",
      "sequence": "5935709143578625",
      "side": "buy",
      "size": "351137",
      "symbol": "TOSHI-USDT",
      "takerOrderId": "674ed6ba812d4000073e41e0",
      "time": "1733220026712000000",
      "tradeId": "5935709143578625",
      "type": "match",
      "time_received": "10:00:26.7508"
    },
    {
      "makerOrderId": "674ed6ba9e4e400007183fa0",
      "price": "0.0002564",
      "sequence": "5935709380163585",
      "side": "buy",
      "size": "194553",
      "symbol": "TOSHI-USDT",
      "takerOrderId": "674ed6bb439c10000731f272",
      "time": "1733220027340000000",
      "tradeId": "5935709380163585",
      "type": "match",
      "time_received": "10:00:27.3798"
    },
    {
      "makerOrderId": "674ed6ba1adbea000703c7b5",
      "price": "0.0002564",
      "sequence": "5935709380163588",
      "side": "buy",
      "size": "194553",
      "symbol": "TOSHI-USDT",
      "takerOrderId": "674ed6bb439c10000731f272",
      "time": "1733220027340000000",
      "tradeId": "5935709380163588",
      "type": "match",
      "time_received": "10:00:27.3800"
    },
    {
      "makerOrderId": "674ed6ba725fc600075a97c3",
      "price": "0.0002564",
      "sequence": "5935709380163591",
      "side": "buy",
      "size": "187030",
      "symbol": "TOSHI-USDT",
      "takerOrderId": "674ed6bb439c10000731f272",
      "time": "1733220027340000000",
      "tradeId": "5935709380163591",
      "type": "match",
      "time_received": "10:00:27.3801"
    },
    {
      "makerOrderId": "674ed6bb439c10000731f272",
      "price": "0.0002568",
      "sequence": "5935709769316353",
      "side": "sell",
      "size": "296677",
      "symbol": "TOSHI-USDT",
      "takerOrderId": "674ed6bc1adbea000703d0ff",
      "time": "1733220028368000000",
      "tradeId": "5935709769316353",
      "type": "match",
      "time_received": "10:00:28.4182"
    },
    {
      "makerOrderId": "674ed6b3754b1e00070abe48",
      "price": "0.000258",
      "sequence": "5935709770758145",
      "side": "buy",
      "size": "3858",
      "symbol": "TOSHI-USDT",
      "takerOrderId": "674ed6bca69a4c0007a9d5ee",
      "time": "1733220028371000000",
      "tradeId": "5935709770758145",
      "type": "match",
      "time_received": "10:00:28.4183"
    },
    {
      "makerOrderId": "674ed6bb439c10000731f272",
      "price": "0.0002568",
      "sequence": "5935709786617857",
      "side": "sell",
      "size": "450",
      "symbol": "TOSHI-USDT",
      "takerOrderId": "674ed6bcb38d120007ce3c98",
      "time": "1733220028408000000",
      "tradeId": "5935709786617857",
      "type": "match",
      "time_received": "10:00:28.4523"
    },
    {
      "makerOrderId": "674ed6bb5e5d4c0007772811",
      "price": "0.0002556",
      "sequence": "5935709786617860",
      "side": "sell",
      "size": "3912",
      "symbol": "TOSHI-USDT",
      "takerOrderId": "674ed6bcb38d120007ce3c98",
      "time": "1733220028408000000",
      "tradeId": "5935709786617860",
      "type": "match",
      "time_received": "10:00:28.4524"
    },
    {
      "makerOrderId": "674ed6bcb26bfb00072f53af",
      "price": "0.0002556",
      "sequence": "5935709786617863",
      "side": "sell",
      "size": "3912",
      "symbol": "TOSHI-USDT",
      "takerOrderId": "674ed6bcb38d120007ce3c98",
      "time": "1733220028408000000",
      "tradeId": "5935709786617863",
      "type": "match",
      "time_received": "10:00:28.4524"
    },
    {
      "makerOrderId": "674ed6ba812d4000073e41e0",
      "price": "0.000255",
      "sequence": "5935709786617866",
      "side": "sell",
      "size": "433176",
      "symbol": "TOSHI-USDT",
      "takerOrderId": "674ed6bcb38d120007ce3c98",
      "time": "1733220028408000000",
      "tradeId": "5935709786617866",
      "type": "match",
      "time_received": "10:00:28.4525"
    },
    {
      "makerOrderId": "674ed6bbb38d120007ce3a61",
      "price": "0.000255",
      "sequence": "5935709786617869",
      "side": "sell",
      "size": "1137252",
      "symbol": "TOSHI-USDT",
      "takerOrderId": "674ed6bcb38d120007ce3c98",
      "time": "1733220028408000000",
      "tradeId": "5935709786617869",
      "type": "match",
      "time_received": "10:00:28.4525"
    },
    {
      "makerOrderId": "674ed6b9b6d508000703f694",
      "price": "0.0002544",
      "sequence": "5935709786617872",
      "side": "sell",
      "size": "3930",
      "symbol": "TOSHI-USDT",
      "takerOrderId": "674ed6bcb38d120007ce3c98",
      "time": "1733220028408000000",
      "tradeId": "5935709786617872",
      "type": "match",
      "time_received": "10:00:28.4525"
    },
    {
      "makerOrderId": "674ed6b78b053b00073d699e",
      "price": "0.0002514",
      "sequence": "5935709786617875",
      "side": "sell",
      "size": "8130",
      "symbol": "TOSHI-USDT",
      "takerOrderId": "674ed6bcb38d120007ce3c98",
      "time": "1733220028408000000",
      "tradeId": "5935709786617875",
      "type": "match",
      "time_received": "10:00:28.4527"
    },
    {
      "makerOrderId": "674ed6b8dcdd7b00076a324a",
      "price": "0.0002514",
      "sequence": "5935709786617878",
      "side": "sell",
      "size": "2919",
      "symbol": "TOSHI-USDT",
      "takerOrderId": "674ed6bcb38d120007ce3c98",
      "time": "1733220028408000000",
      "tradeId": "5935709786617878",
      "type": "match",
      "time_received": "10:00:28.4527"
    },
    {
      "makerOrderId": "674ed6b88b053b00073d709c",
      "price": "0.0002514",
      "sequence": "5935709786617881",
      "side": "sell",
      "size": "2919",
      "symbol": "TOSHI-USDT",
      "takerOrderId": "674ed6bcb38d120007ce3c98",
      "time": "1733220028408000000",
      "tradeId": "5935709786617881",
      "type": "match",
      "time_received": "10:00:28.4527"
    },
    {
      "makerOrderId": "674ed6bcb38d120007ce3c98",
      "price": "0.0002514",
      "sequence": "5935709872207873",
      "side": "buy",
      "size": "3840",
      "symbol": "TOSHI-USDT",
      "takerOrderId": "674ed6bcf61fa00007bd4827",
      "time": "1733220028592000000",
      "tradeId": "5935709872207873",
      "type": "match",
      "time_received": "10:00:28.6307"
    },
    {
      "makerOrderId": "674ed6bcb38d120007ce3c98",
      "price": "0.0002514",
      "sequence": "5935709925816321",
      "side": "buy",
      "size": "3822",
      "symbol": "TOSHI-USDT",
      "takerOrderId": "674ed6bc725fc600075aa2f0",
      "time": "1733220028771000000",
      "tradeId": "5935709925816321",
      "type": "match",
      "time_received": "10:00:28.8156"
    },
    {
      "makerOrderId": "674ed6bcb38d120007ce3c98",
      "price": "0.0002514",
      "sequence": "5935709999085569",
      "side": "buy",
      "size": "3822",
      "symbol": "TOSHI-USDT",
      "takerOrderId": "674ed6bc8b053b00073d8c20",
      "time": "1733220028932000000",
      "tradeId": "5935709999085569",
      "type": "match",
      "time_received": "10:00:28.9757"
    },
    {
      "makerOrderId": "674ed6bcb38d120007ce3c98",
      "price": "0.0002514",
      "sequence": "5935710015338497",
      "side": "buy",
      "size": "769230",
      "symbol": "TOSHI-USDT",
      "takerOrderId": "674ed6bcef434f0007e89535",
      "time": "1733220028983000000",
      "tradeId": "5935710015338497",
      "type": "match",
      "time_received": "10:00:29.0237"
    },
    {
      "makerOrderId": "674ed6bcb38d120007ce3c98",
      "price": "0.0002514",
      "sequence": "5935710160304129",
      "side": "buy",
      "size": "3930",
      "symbol": "TOSHI-USDT",
      "takerOrderId": "674ed6bd8b053b00073d8ee4",
      "time": "1733220029411000000",
      "tradeId": "5935710160304129",
      "type": "match",
      "time_received": "10:00:29.4550"
    },
    {
      "makerOrderId": "674ed6bcb38d120007ce3c98",
      "price": "0.0002514",
      "sequence": "5935710365956097",
      "side": "buy",
      "size": "198412",
      "symbol": "TOSHI-USDT",
      "takerOrderId": "674ed6bd725fc600075aaa13",
      "time": "1733220029896000000",
      "tradeId": "5935710365956097",
      "type": "match",
      "time_received": "10:00:29.9397"
    },
    {
      "makerOrderId": "674ed6ac8b053b00073d1c12",
      "price": "0.0002513",
      "sequence": "5935710406719489",
      "side": "sell",
      "size": "37066",
      "symbol": "TOSHI-USDT",
      "takerOrderId": "674ed6bd9e4e400007185304",
      "time": "1733220029989000000",
      "tradeId": "5935710406719489",
      "type": "match",
      "time_received": "10:00:30.0367"
    },
    {
      "makerOrderId": "674ed6afb6d508000703b183",
      "price": "0.0002513",
      "sequence": "5935710406719492",
      "side": "sell",
      "size": "5000",
      "symbol": "TOSHI-USDT",
      "takerOrderId": "674ed6bd9e4e400007185304",
      "time": "1733220029989000000",
      "tradeId": "5935710406719492",
      "type": "match",
      "time_received": "10:00:30.0368"
    },
    {
      "makerOrderId": "674ed6b05e5d4c000776d767",
      "price": "0.0002513",
      "sequence": "5935710406719495",
      "side": "sell",
      "size": "397930",
      "symbol": "TOSHI-USDT",
      "takerOrderId": "674ed6bd9e4e400007185304",
      "time": "1733220029989000000",
      "tradeId": "5935710406719495",
      "type": "match",
      "time_received": "10:00:30.0369"
    },
    {
      "makerOrderId": "674ed6b1f61fa00007bcff15",
      "price": "0.0002513",
      "sequence": "5935710406719498",
      "side": "sell",
      "size": "99482",
      "symbol": "TOSHI-USDT",
      "takerOrderId": "674ed6bd9e4e400007185304",
      "time": "1733220029989000000",
      "tradeId": "5935710406719498",
      "type": "match",
      "time_received": "10:00:30.0369"
    },
    {
      "makerOrderId": "674ed6b3dcdd7b00076a0f27",
      "price": "0.0002513",
      "sequence": "5935710406719501",
      "side": "sell",
      "size": "116263",
      "symbol": "TOSHI-USDT",
      "takerOrderId": "674ed6bd9e4e400007185304",
      "time": "1733220029989000000",
      "tradeId": "5935710406719501",
      "type": "match",
      "time_received": "10:00:30.0370"
    },
    {
      "makerOrderId": "674ed6b3b6d508000703d3d9",
      "price": "0.0002513",
      "sequence": "5935710406719504",
      "side": "sell",
      "size": "1090330",
      "symbol": "TOSHI-USDT",
      "takerOrderId": "674ed6bd9e4e400007185304",
      "time": "1733220029989000000",
      "tradeId": "5935710406719504",
      "type": "match",
      "time_received": "10:00:30.0370"
    },
    {
      "makerOrderId": "674ed6b53d4b3d0007533a25",
      "price": "0.0002513",
      "sequence": "5935710406719507",
      "side": "sell",
      "size": "219653",
      "symbol": "TOSHI-USDT",
      "takerOrderId": "674ed6bd9e4e400007185304",
      "time": "1733220029989000000",
      "tradeId": "5935710406719507",
      "type": "match",
      "time_received": "10:00:30.0371"
    },
    {
      "makerOrderId": "674ed6b61e254f0007a15c18",
      "price": "0.0002513",
      "sequence": "5935710406719510",
      "side": "sell",
      "size": "712601",
      "symbol": "TOSHI-USDT",
      "takerOrderId": "674ed6bd9e4e400007185304",
      "time": "1733220029989000000",
      "tradeId": "5935710406719510",
      "type": "match",
      "time_received": "10:00:30.0371"
    },
    {
      "makerOrderId": "674ed6b7812d4000073e2aca",
      "price": "0.0002513",
      "sequence": "5935710406719513",
      "side": "sell",
      "size": "3979",
      "symbol": "TOSHI-USDT",
      "takerOrderId": "674ed6bd9e4e400007185304",
      "time": "1733220029989000000",
      "tradeId": "5935710406719513",
      "type": "match",
      "time_received": "10:00:30.0371"
    },
    {
      "makerOrderId": "674ed6b88b053b00073d6e80",
      "price": "0.0002513",
      "sequence": "5935710406719516",
      "side": "sell",
      "size": "4053",
      "symbol": "TOSHI-USDT",
      "takerOrderId": "674ed6bd9e4e400007185304",
      "time": "1733220029989000000",
      "tradeId": "5935710406719516",
      "type": "match",
      "time_received": "10:00:30.0372"
    },
    {
      "makerOrderId": "674ed6b8ef434f0007e8792f",
      "price": "0.0002513",
      "sequence": "5935710406719519",
      "side": "sell",
      "size": "397930",
      "symbol": "TOSHI-USDT",
      "takerOrderId": "674ed6bd9e4e400007185304",
      "time": "1733220029989000000",
      "tradeId": "5935710406719519",
      "type": "match",
      "time_received": "10:00:30.0372"
    },
    {
      "makerOrderId": "674ed6bb9e4e40000718448f",
      "price": "0.0002513",
      "sequence": "5935710406719522",
      "side": "sell",
      "size": "82603",
      "symbol": "TOSHI-USDT",
      "takerOrderId": "674ed6bd9e4e400007185304",
      "time": "1733220029989000000",
      "tradeId": "5935710406719522",
      "type": "match",
      "time_received": "10:00:30.0372"
    },
    {
      "makerOrderId": "674ed6bcb6d5080007040c46",
      "price": "0.0002513",
      "sequence": "5935710406719525",
      "side": "sell",
      "size": "66023",
      "symbol": "TOSHI-USDT",
      "takerOrderId": "674ed6bd9e4e400007185304",
      "time": "1733220029989000000",
      "tradeId": "5935710406719525",
      "type": "match",
      "time_received": "10:00:30.0373"
    },
    {
      "makerOrderId": "674ed6bcb38d120007ce3c98",
      "price": "0.0002514",
      "sequence": "5935710693767169",
      "side": "buy",
      "size": "38066",
      "symbol": "TOSHI-USDT",
      "takerOrderId": "674ed6be5a555000076153db",
      "time": "1733220030553000000",
      "tradeId": "5935710693767169",
      "type": "match",
      "time_received": "10:00:30.5939"
    },
    {
      "makerOrderId": "674ed6bcb38d120007ce3c98",
      "price": "0.0002514",
      "sequence": "5935710810552321",
      "side": "buy",
      "size": "7692",
      "symbol": "TOSHI-USDT",
      "takerOrderId": "674ed6be3d4b3d00075341cd",
      "time": "1733220030824000000",
      "tradeId": "5935710810552321",
      "type": "match",
      "time_received": "10:00:30.8624"
    },
    {
      "makerOrderId": "674ed6bcb38d120007ce3c98",
      "price": "0.0002514",
      "sequence": "5935711327107073",
      "side": "buy",
      "size": "23437",
      "symbol": "TOSHI-USDT",
      "takerOrderId": "674ed6bf33b8f30007b5900a",
      "time": "1733220031986000000",
      "tradeId": "5935711327107073",
      "type": "match",
      "time_received": "10:00:32.0290"
    },
    {
      "makerOrderId": "674ed6bcb38d120007ce3c98",
      "price": "0.0002514",
      "sequence": "5935711341262849",
      "side": "buy",
      "size": "17760",
      "symbol": "TOSHI-USDT",
      "takerOrderId": "674ed6c09e4e40000718627e",
      "time": "1733220032030000000",
      "tradeId": "5935711341262849",
      "type": "match",
      "time_received": "10:00:32.0748"
    },
    {
      "makerOrderId": "674ed6bcb38d120007ce3c98",
      "price": "0.0002514",
      "sequence": "5935711669204993",
      "side": "buy",
      "size": "3891",
      "symbol": "TOSHI-USDT",
      "takerOrderId": "674ed6c02033a50007ccb343",
      "time": "1733220032891000000",
      "tradeId": "5935711669204993",
      "type": "match",
      "time_received": "10:00:32.9353"
    },
    {
      "makerOrderId": "674ed6bcb38d120007ce3c98",
      "price": "0.0002514",
      "sequence": "5935711977617409",
      "side": "buy",
      "size": "5804",
      "symbol": "TOSHI-USDT",
      "takerOrderId": "674ed6c1dcdd7b00076a6f54",
      "time": "1733220033515000000",
      "tradeId": "5935711977617409",
      "type": "match",
      "time_received": "10:00:33.5607"
    },
    {
      "makerOrderId": "674ed6bcb38d120007ce3c98",
      "price": "0.0002514",
      "sequence": "5935712064911361",
      "side": "buy",
      "size": "52364",
      "symbol": "TOSHI-USDT",
      "takerOrderId": "674ed6c1a69a4c0007a9fce7",
      "time": "1733220033753000000",
      "tradeId": "5935712064911361",
      "type": "match",
      "time_received": "10:00:33.7963"
    },
    {
      "makerOrderId": "674ed6bcb6d5080007040c46",
      "price": "0.0002513",
      "sequence": "5935712206600193",
      "side": "sell",
      "size": "103364",
      "symbol": "TOSHI-USDT",
      "takerOrderId": "674ed6c214a8920007db97bd",
      "time": "1733220034024000000",
      "tradeId": "5935712206600193",
      "type": "match",
      "time_received": "10:00:34.0682"
    },
    {
      "makerOrderId": "674ed6bd3d4b3d0007534075",
      "price": "0.0002513",
      "sequence": "5935712206600196",
      "side": "sell",
      "size": "741511",
      "symbol": "TOSHI-USDT",
      "takerOrderId": "674ed6c214a8920007db97bd",
      "time": "1733220034024000000",
      "tradeId": "5935712206600196",
      "type": "match",
      "time_received": "10:00:34.0683"
    },
    {
      "makerOrderId": "674ed6c19e4e400007186ad4",
      "price": "0.0002513",
      "sequence": "5935712206600199",
      "side": "sell",
      "size": "159172",
      "symbol": "TOSHI-USDT",
      "takerOrderId": "674ed6c214a8920007db97bd",
      "time": "1733220034024000000",
      "tradeId": "5935712206600199",
      "type": "match",
      "time_received": "10:00:34.0686"
    },
    {
      "makerOrderId": "674ed6c1b26bfb00072f7dab",
      "price": "0.0002513",
      "sequence": "5935712206600202",
      "side": "sell",
      "size": "3979",
      "symbol": "TOSHI-USDT",
      "takerOrderId": "674ed6c214a8920007db97bd",
      "time": "1733220034024000000",
      "tradeId": "5935712206600202",
      "type": "match",
      "time_received": "10:00:34.0686"
    },
    {
      "makerOrderId": "674ed6c214a8920007db97bd",
      "price": "0.0002513",
      "sequence": "5935712239106049",
      "side": "buy",
      "size": "6622",
      "symbol": "TOSHI-USDT",
      "takerOrderId": "674ed6c21e254f0007a164b8",
      "time": "1733220034094000000",
      "tradeId": "5935712239106049",
      "type": "match",
      "time_received": "10:00:34.1456"
    },
    {
      "makerOrderId": "674ed6ab14a8920007daf6a6",
      "price": "0.00025",
      "sequence": "5935712273577985",
      "side": "sell",
      "size": "2841",
      "symbol": "TOSHI-USDT",
      "takerOrderId": "674ed6c2b38d120007ce6716",
      "time": "1733220034177000000",
      "tradeId": "5935712273577985",
      "type": "match",
      "time_received": "10:00:34.2220"
    },
    {
      "makerOrderId": "674ed6acdcdd7b000769dfaa",
      "price": "0.00025",
      "sequence": "5935712273577988",
      "side": "sell",
      "size": "233350",
      "symbol": "TOSHI-USDT",
      "takerOrderId": "674ed6c2b38d120007ce6716",
      "time": "1733220034177000000",
      "tradeId": "5935712273577988",
      "type": "match",
      "time_received": "10:00:34.2221"
    },
    {
      "makerOrderId": "674ed6afdcdd7b000769ef81",
      "price": "0.00025",
      "sequence": "5935712273577991",
      "side": "sell",
      "size": "46750",
      "symbol": "TOSHI-USDT",
      "takerOrderId": "674ed6c2b38d120007ce6716",
      "time": "1733220034177000000",
      "tradeId": "5935712273577991",
      "type": "match",
      "time_received": "10:00:34.2221"
    },
    {
      "makerOrderId": "674ed6c2b38d120007ce6716",
      "price": "0.00025",
      "sequence": "5935712389183489",
      "side": "buy",
      "size": "2819304",
      "symbol": "TOSHI-USDT",
      "takerOrderId": "674ed6c2f61fa00007bd73cd",
      "time": "1733220034453000000",
      "tradeId": "5935712389183489",
      "type": "match",
      "time_received": "10:00:34.4971"
    },
    {
      "makerOrderId": "674ed6c214a8920007db97bd",
      "price": "0.0002513",
      "sequence": "5935712389183492",
      "side": "buy",
      "size": "705505",
      "symbol": "TOSHI-USDT",
      "takerOrderId": "674ed6c2f61fa00007bd73cd",
      "time": "1733220034453000000",
      "tradeId": "5935712389183492",
      "type": "match",
      "time_received": "10:00:34.4972"
    },
    {
      "makerOrderId": "674ed6c214a8920007db97bd",
      "price": "0.0002513",
      "sequence": "5935712667056129",
      "side": "buy",
      "size": "52030",
      "symbol": "TOSHI-USDT",
      "takerOrderId": "674ed6c3b6d5080007043bdf",
      "time": "1733220035167000000",
      "tradeId": "5935712667056129",
      "type": "match",
      "time_received": "10:00:35.2113"
    },
    {
      "makerOrderId": "674ed6c214a8920007db97bd",
      "price": "0.0002513",
      "sequence": "5935712704018433",
      "side": "buy",
      "size": "55659",
      "symbol": "TOSHI-USDT",
      "takerOrderId": "674ed6c333b8f30007b5a8e7",
      "time": "1733220035236000000",
      "tradeId": "5935712704018433",
      "type": "match",
      "time_received": "10:00:35.2787"
    },
    {
      "makerOrderId": "674ed6c214a8920007db97bd",
      "price": "0.0002513",
      "sequence": "5935712809531393",
      "side": "buy",
      "size": "596658",
      "symbol": "TOSHI-USDT",
      "takerOrderId": "674ed6c35a5550000761786f",
      "time": "1733220035478000000",
      "tradeId": "5935712809531393",
      "type": "match",
      "time_received": "10:00:35.5184"
    },
    {
      "makerOrderId": "674ed6c333b8f30007b5ade3",
      "price": "0.00025",
      "sequence": "5935713236039681",
      "side": "buy",
      "size": "64787",
      "symbol": "TOSHI-USDT",
      "takerOrderId": "674ed6c4725fc600075adbf9",
      "time": "1733220036528000000",
      "tradeId": "5935713236039681",
      "type": "match",
      "time_received": "10:00:36.5720"
    },
    {
      "makerOrderId": "674ed6c414a8920007dbaad7",
      "price": "0.0002477",
      "sequence": "5935713501722625",
      "side": "sell",
      "size": "192835",
      "symbol": "TOSHI-USDT",
      "takerOrderId": "674ed6c514a8920007dbad31",
      "time": "1733220037130000000",
      "tradeId": "5935713501722625",
      "type": "match",
      "time_received": "10:00:37.1746"
    },
    {
      "makerOrderId": "674ed6c45a555000076180c9",
      "price": "0.0002477",
      "sequence": "5935713501722628",
      "side": "sell",
      "size": "198046",
      "symbol": "TOSHI-USDT",
      "takerOrderId": "674ed6c514a8920007dbad31",
      "time": "1733220037130000000",
      "tradeId": "5935713501722628",
      "type": "match",
      "time_received": "10:00:37.1805"
    },
    {
      "makerOrderId": "674ed6c4a69a4c0007aa12d2",
      "price": "0.0002477",
      "sequence": "5935713501722631",
      "side": "sell",
      "size": "198046",
      "symbol": "TOSHI-USDT",
      "takerOrderId": "674ed6c514a8920007dbad31",
      "time": "1733220037130000000",
      "tradeId": "5935713501722631",
      "type": "match",
      "time_received": "10:00:37.1806"
    },
    {
      "makerOrderId": "674ed6acb6d5080007039af1",
      "price": "0.0002475",
      "sequence": "5935713501722634",
      "side": "sell",
      "size": "10000",
      "symbol": "TOSHI-USDT",
      "takerOrderId": "674ed6c514a8920007dbad31",
      "time": "1733220037130000000",
      "tradeId": "5935713501722634",
      "type": "match",
      "time_received": "10:00:37.1807"
    },
    {
      "makerOrderId": "674ed6b4a69a4c0007a9a096",
      "price": "0.0002475",
      "sequence": "5935713501722637",
      "side": "sell",
      "size": "20999",
      "symbol": "TOSHI-USDT",
      "takerOrderId": "674ed6c514a8920007dbad31",
      "time": "1733220037130000000",
      "tradeId": "5935713501722637",
      "type": "match",
      "time_received": "10:00:37.1809"
    },
    {
      "makerOrderId": "674ed6a014a8920007daa1fd",
      "price": "0.000247",
      "sequence": "5935713501722640",
      "side": "sell",
      "size": "400000",
      "symbol": "TOSHI-USDT",
      "takerOrderId": "674ed6c514a8920007dbad31",
      "time": "1733220037130000000",
      "tradeId": "5935713501722640",
      "type": "match",
      "time_received": "10:00:37.1809"
    },
    {
      "makerOrderId": "674ed6a08b053b00073cbce8",
      "price": "0.000247",
      "sequence": "5935713501722643",
      "side": "sell",
      "size": "10000",
      "symbol": "TOSHI-USDT",
      "takerOrderId": "674ed6c514a8920007dbad31",
      "time": "1733220037130000000",
      "tradeId": "5935713501722643",
      "type": "match",
      "time_received": "10:00:37.1809"
    },
    {
      "makerOrderId": "674ed6a0a69a4c0007a906fd",
      "price": "0.0002465",
      "sequence": "5935713501722646",
      "side": "sell",
      "size": "450000",
      "symbol": "TOSHI-USDT",
      "takerOrderId": "674ed6c514a8920007dbad31",
      "time": "1733220037130000000",
      "tradeId": "5935713501722646",
      "type": "match",
      "time_received": "10:00:37.1810"
    },
    {
      "makerOrderId": "674ed6a0439c100007312b13",
      "price": "0.0002465",
      "sequence": "5935713501722649",
      "side": "sell",
      "size": "9999",
      "symbol": "TOSHI-USDT",
      "takerOrderId": "674ed6c514a8920007dbad31",
      "time": "1733220037130000000",
      "tradeId": "5935713501722649",
      "type": "match",
      "time_received": "10:00:37.1810"
    },
    {
      "makerOrderId": "674ed6a0f61fa00007bc7991",
      "price": "0.0002462",
      "sequence": "5935713501722652",
      "side": "sell",
      "size": "120000",
      "symbol": "TOSHI-USDT",
      "takerOrderId": "674ed6c514a8920007dbad31",
      "time": "1733220037130000000",
      "tradeId": "5935713501722652",
      "type": "match",
      "time_received": "10:00:37.1810"
    },
    {
      "makerOrderId": "674ed6b9ef434f0007e880d0",
      "price": "0.0002443",
      "sequence": "5935713501722655",
      "side": "sell",
      "size": "1443952",
      "symbol": "TOSHI-USDT",
      "takerOrderId": "674ed6c514a8920007dbad31",
      "time": "1733220037130000000",
      "tradeId": "5935713501722655",
      "type": "match",
      "time_received": "10:00:37.1811"
    },
    {
      "makerOrderId": "674ed6c333b8f30007b5ade3",
      "price": "0.00025",
      "sequence": "5935713505392641",
      "side": "buy",
      "size": "196078",
      "symbol": "TOSHI-USDT",
      "takerOrderId": "674ed6c55a555000076182eb",
      "time": "1733220037136000000",
      "tradeId": "5935713505392641",
      "type": "match",
      "time_received": "10:00:37.1816"
    },
    {
      "makerOrderId": "674ed6c514a8920007dbadd1",
      "price": "0.0002447",
      "sequence": "5935715079829505",
      "side": "buy",
      "size": "81778",
      "symbol": "TOSHI-USDT",
      "takerOrderId": "674ed6c8a69a4c0007aa2fa7",
      "time": "1733220040516000000",
      "tradeId": "5935715079829505",
      "type": "match",
      "time_received": "10:00:40.5610"
    },
    {
      "makerOrderId": "674ed6c85a55500007619d37",
      "price": "0.0002497",
      "sequence": "5935715079829508",
      "side": "buy",
      "size": "200965",
      "symbol": "TOSHI-USDT",
      "takerOrderId": "674ed6c8a69a4c0007aa2fa7",
      "time": "1733220040516000000",
      "tradeId": "5935715079829508",
      "type": "match",
      "time_received": "10:00:40.5612"
    },
    {
      "makerOrderId": "674ed6c8812d4000073ea553",
      "price": "0.0002497",
      "sequence": "5935715079829511",
      "side": "buy",
      "size": "200965",
      "symbol": "TOSHI-USDT",
      "takerOrderId": "674ed6c8a69a4c0007aa2fa7",
      "time": "1733220040516000000",
      "tradeId": "5935715079829511",
      "type": "match",
      "time_received": "10:00:40.5612"
    },
    {
      "makerOrderId": "674ed6c8b6d5080007046396",
      "price": "0.0002497",
      "sequence": "5935715079829514",
      "side": "buy",
      "size": "200965",
      "symbol": "TOSHI-USDT",
      "takerOrderId": "674ed6c8a69a4c0007aa2fa7",
      "time": "1733220040516000000",
      "tradeId": "5935715079829514",
      "type": "match",
      "time_received": "10:00:40.5612"
    },
    {
      "makerOrderId": "674ed6c333b8f30007b5ade3",
      "price": "0.00025",
      "sequence": "5935715079829517",
      "side": "buy",
      "size": "507182",
      "symbol": "TOSHI-USDT",
      "takerOrderId": "674ed6c8a69a4c0007aa2fa7",
      "time": "1733220040516000000",
      "tradeId": "5935715079829517",
      "type": "match",
      "time_received": "10:00:40.5612"
    },
    {
      "makerOrderId": "674ed6c3754b1e00070b2b09",
      "price": "0.000251",
      "sequence": "5935715079829520",
      "side": "buy",
      "size": "198412",
      "symbol": "TOSHI-USDT",
      "takerOrderId": "674ed6c8a69a4c0007aa2fa7",
      "time": "1733220040516000000",
      "tradeId": "5935715079829520",
      "type": "match",
      "time_received": "10:00:40.5613"
    },
    {
      "makerOrderId": "674ed6c214a8920007db97bd",
      "price": "0.0002513",
      "sequence": "5935715079829523",
      "side": "buy",
      "size": "566554",
      "symbol": "TOSHI-USDT",
      "takerOrderId": "674ed6c8a69a4c0007aa2fa7",
      "time": "1733220040516000000",
      "tradeId": "5935715079829523",
      "type": "match",
      "time_received": "10:00:40.5613"
    },
    {
      "makerOrderId": "674ed6cab6d5080007046f28",
      "price": "0.00025",
      "sequence": "5935715919607809",
      "side": "buy",
      "size": "25470",
      "symbol": "TOSHI-USDT",
      "takerOrderId": "674ed6ca8b053b00073df004",
      "time": "1733220042508000000",
      "tradeId": "5935715919607809",
      "type": "match",
      "time_received": "10:00:42.5527"
    },
    {
      "makerOrderId": "674ed6cab6d5080007046f28",
      "price": "0.00025",
      "sequence": "5935716130371585",
      "side": "buy",
      "size": "176347",
      "symbol": "TOSHI-USDT",
      "takerOrderId": "674ed6cab26bfb00072fbe39",
      "time": "1733220042893000000",
      "tradeId": "5935716130371585",
      "type": "match",
      "time_received": "10:00:42.9334"
    },
    {
      "makerOrderId": "674ed6cab6d5080007046f28",
      "price": "0.00025",
      "sequence": "5935717152339969",
      "side": "buy",
      "size": "80000",
      "symbol": "TOSHI-USDT",
      "takerOrderId": "674ed6cd725fc600075b1af5",
      "time": "1733220045275000000",
      "tradeId": "5935717152339969",
      "type": "match",
      "time_received": "10:00:45.3141"
    },
    {
      "makerOrderId": "674ed6cab6d5080007046f28",
      "price": "0.00025",
      "sequence": "5935717164136449",
      "side": "buy",
      "size": "49955",
      "symbol": "TOSHI-USDT",
      "takerOrderId": "674ed6cd754b1e00070b6e28",
      "time": "1733220045307000000",
      "tradeId": "5935717164136449",
      "type": "match",
      "time_received": "10:00:45.3512"
    },
    {
      "makerOrderId": "674ed6cab6d5080007046f28",
      "price": "0.00025",
      "sequence": "5935717514491905",
      "side": "buy",
      "size": "97690",
      "symbol": "TOSHI-USDT",
      "takerOrderId": "674ed6ce1e254f0007a16d5f",
      "time": "1733220046110000000",
      "tradeId": "5935717514491905",
      "type": "match",
      "time_received": "10:00:46.1604"
    },
    {
      "makerOrderId": "674ed6ce8b053b00073e0cc6",
      "price": "0.0002498",
      "sequence": "5935718356891649",
      "side": "buy",
      "size": "1022584",
      "symbol": "TOSHI-USDT",
      "takerOrderId": "674ed6cf1adbea0007045f53",
      "time": "1733220047997000000",
      "tradeId": "5935718356891649",
      "type": "match",
      "time_received": "10:00:48.0444"
    },
    {
      "makerOrderId": "674ed6ce8b053b00073e0cc6",
      "price": "0.0002498",
      "sequence": "5935718628734977",
      "side": "buy",
      "size": "39900",
      "symbol": "TOSHI-USDT",
      "takerOrderId": "674ed6d0ef434f0007e924e7",
      "time": "1733220048648000000",
      "tradeId": "5935718628734977",
      "type": "match",
      "time_received": "10:00:48.6928"
    },
    {
      "makerOrderId": "674ed6ce8b053b00073e0cc6",
      "price": "0.0002498",
      "sequence": "5935718971619329",
      "side": "buy",
      "size": "397772",
      "symbol": "TOSHI-USDT",
      "takerOrderId": "674ed6d1e21c740007e63f53",
      "time": "1733220049455000000",
      "tradeId": "5935718971619329",
      "type": "match",
      "time_received": "10:00:49.4946"
    },
    {
      "makerOrderId": "674ed6ce8b053b00073e0cc6",
      "price": "0.0002498",
      "sequence": "5935718973192193",
      "side": "buy",
      "size": "23979",
      "symbol": "TOSHI-USDT",
      "takerOrderId": "674ed6d1725fc600075b3931",
      "time": "1733220049457000000",
      "tradeId": "5935718973192193",
      "type": "match",
      "time_received": "10:00:49.5012"
    },
    {
      "makerOrderId": "674ed6ce8b053b00073e0cc6",
      "price": "0.0002498",
      "sequence": "5935719276492801",
      "side": "buy",
      "size": "51161",
      "symbol": "TOSHI-USDT",
      "takerOrderId": "674ed6d233b8f30007b61428",
      "time": "1733220050269000000",
      "tradeId": "5935719276492801",
      "type": "match",
      "time_received": "10:00:50.3102"
    },
    {
      "makerOrderId": "674ed6d61adbea00070489a4",
      "price": "0.000249",
      "sequence": "5935720935864321",
      "side": "buy",
      "size": "127865",
      "symbol": "TOSHI-USDT",
      "takerOrderId": "674ed6d6ef434f0007e94c48",
      "time": "1733220054700000000",
      "tradeId": "5935720935864321",
      "type": "match",
      "time_received": "10:00:54.7444"
    },
    {
      "makerOrderId": "674ed6d8a69a4c0007aa9e15",
      "price": "0.0002457",
      "sequence": "5935721791633409",
      "side": "sell",
      "size": "202184",
      "symbol": "TOSHI-USDT",
      "takerOrderId": "674ed6d8dcdd7b00076b11fd",
      "time": "1733220056873000000",
      "tradeId": "5935721791633409",
      "type": "match",
      "time_received": "10:00:56.9168"
    },
    {
      "makerOrderId": "674ed6d89e4e4000071910f0",
      "price": "0.0002457",
      "sequence": "5935721791633412",
      "side": "sell",
      "size": "202184",
      "symbol": "TOSHI-USDT",
      "takerOrderId": "674ed6d8dcdd7b00076b11fd",
      "time": "1733220056873000000",
      "tradeId": "5935721791633412",
      "type": "match",
      "time_received": "10:00:56.9169"
    },
    {
      "makerOrderId": "674ed6d81adbea00070499b5",
      "price": "0.0002457",
      "sequence": "5935721791633415",
      "side": "sell",
      "size": "202184",
      "symbol": "TOSHI-USDT",
      "takerOrderId": "674ed6d8dcdd7b00076b11fd",
      "time": "1733220056873000000",
      "tradeId": "5935721791633415",
      "type": "match",
      "time_received": "10:00:56.9169"
    },
    {
      "makerOrderId": "674ed6d8dcdd7b00076b11fd",
      "price": "0.0002457",
      "sequence": "5935721815357441",
      "side": "buy",
      "size": "125277",
      "symbol": "TOSHI-USDT",
      "takerOrderId": "674ed6d8b6d508000704d4de",
      "time": "1733220056883000000",
      "tradeId": "5935721815357441",
      "type": "match",
      "time_received": "10:00:56.9271"
    },
    {
      "makerOrderId": "674ed6d8dcdd7b00076b11fd",
      "price": "0.0002457",
      "sequence": "5935721815750657",
      "side": "buy",
      "size": "125277",
      "symbol": "TOSHI-USDT",
      "takerOrderId": "674ed6d8ef434f0007e95aeb",
      "time": "1733220056883000000",
      "tradeId": "5935721815750657",
      "type": "match",
      "time_received": "10:00:56.9273"
    },
    {
      "makerOrderId": "674ed6d8dcdd7b00076b11fd",
      "price": "0.0002457",
      "sequence": "5935721816668161",
      "side": "buy",
      "size": "125277",
      "symbol": "TOSHI-USDT",
      "takerOrderId": "674ed6d8754b1e00070bbc3b",
      "time": "1733220056884000000",
      "tradeId": "5935721816668161",
      "type": "match",
      "time_received": "10:00:56.9274"
    },
    {
      "makerOrderId": "674ed6d8dcdd7b00076b11fd",
      "price": "0.0002457",
      "sequence": "5935721816799233",
      "side": "buy",
      "size": "42857",
      "symbol": "TOSHI-USDT",
      "takerOrderId": "674ed6d88b053b00073e52f1",
      "time": "1733220056884000000",
      "tradeId": "5935721816799233",
      "type": "match",
      "time_received": "10:00:56.9275"
    },
    {
      "makerOrderId": "674ed6d8dcdd7b00076b11fd",
      "price": "0.0002457",
      "sequence": "5935721817454593",
      "side": "buy",
      "size": "125277",
      "symbol": "TOSHI-USDT",
      "takerOrderId": "674ed6d8ef434f0007e95af2",
      "time": "1733220056885000000",
      "tradeId": "5935721817454593",
      "type": "match",
      "time_received": "10:00:56.9275"
    },
    {
      "makerOrderId": "674ed6d8dcdd7b00076b11fd",
      "price": "0.0002457",
      "sequence": "5935721819420673",
      "side": "buy",
      "size": "42857",
      "symbol": "TOSHI-USDT",
      "takerOrderId": "674ed6d81e254f0007a17477",
      "time": "1733220056890000000",
      "tradeId": "5935721819420673",
      "type": "match",
      "time_received": "10:00:56.9344"
    },
    {
      "makerOrderId": "674ed6d8dcdd7b00076b11fd",
      "price": "0.0002457",
      "sequence": "5935721821386753",
      "side": "buy",
      "size": "76529",
      "symbol": "TOSHI-USDT",
      "takerOrderId": "674ed6d88b053b00073e5304",
      "time": "1733220056896000000",
      "tradeId": "5935721821386753",
      "type": "match",
      "time_received": "10:00:56.9417"
    },
    {
      "makerOrderId": "674ed6d8dcdd7b00076b11fd",
      "price": "0.0002457",
      "sequence": "5935721821517825",
      "side": "buy",
      "size": "125277",
      "symbol": "TOSHI-USDT",
      "takerOrderId": "674ed6d83d4b3d00075354ab",
      "time": "1733220056896000000",
      "tradeId": "5935721821517825",
      "type": "match",
      "time_received": "10:00:56.9417"
    },
    {
      "makerOrderId": "674ed6d8dcdd7b00076b11fd",
      "price": "0.0002457",
      "sequence": "5935721821648897",
      "side": "buy",
      "size": "76529",
      "symbol": "TOSHI-USDT",
      "takerOrderId": "674ed6d82033a50007cd5e63",
      "time": "1733220056896000000",
      "tradeId": "5935721821648897",
      "type": "match",
      "time_received": "10:00:56.9418"
    },
    {
      "makerOrderId": "674ed6d8dcdd7b00076b11fd",
      "price": "0.0002457",
      "sequence": "5935721822042113",
      "side": "buy",
      "size": "42857",
      "symbol": "TOSHI-USDT",
      "takerOrderId": "674ed6d8725fc600075b6a0d",
      "time": "1733220056898000000",
      "tradeId": "5935721822042113",
      "type": "match",
      "time_received": "10:00:56.9418"
    },
    {
      "makerOrderId": "674ed6d8dcdd7b00076b11fd",
      "price": "0.0002457",
      "sequence": "5935721822173185",
      "side": "buy",
      "size": "76529",
      "symbol": "TOSHI-USDT",
      "takerOrderId": "674ed6d8dcdd7b00076b1259",
      "time": "1733220056898000000",
      "tradeId": "5935721822173185",
      "type": "match",
      "time_received": "10:00:56.9418"
    },
    {
      "makerOrderId": "674ed6d8dcdd7b00076b11fd",
      "price": "0.0002457",
      "sequence": "5935721822304257",
      "side": "buy",
      "size": "76529",
      "symbol": "TOSHI-USDT",
      "takerOrderId": "674ed6d83d4b3d00075354ad",
      "time": "1733220056898000000",
      "tradeId": "5935721822304257",
      "type": "match",
      "time_received": "10:00:56.9426"
    },
    {
      "makerOrderId": "674ed6d8dcdd7b00076b11fd",
      "price": "0.0002457",
      "sequence": "5935721823746049",
      "side": "buy",
      "size": "76529",
      "symbol": "TOSHI-USDT",
      "takerOrderId": "674ed6d85e5d4c000777f305",
      "time": "1733220056899000000",
      "tradeId": "5935721823746049",
      "type": "match",
      "time_received": "10:00:56.9427"
    },
    {
      "makerOrderId": "674ed6d8dcdd7b00076b11fd",
      "price": "0.0002457",
      "sequence": "5935721823877121",
      "side": "buy",
      "size": "57721",
      "symbol": "TOSHI-USDT",
      "takerOrderId": "674ed6d85a55500007620d90",
      "time": "1733220056900000000",
      "tradeId": "5935721823877121",
      "type": "match",
      "time_received": "10:00:56.9428"
    },
    {
      "makerOrderId": "674ed6d8dcdd7b00076b11fd",
      "price": "0.0002457",
      "sequence": "5935721824139265",
      "side": "buy",
      "size": "125277",
      "symbol": "TOSHI-USDT",
      "takerOrderId": "674ed6d8439c10000732c104",
      "time": "1733220056900000000",
      "tradeId": "5935721824139265",
      "type": "match",
      "time_received": "10:00:56.9429"
    },
    {
      "makerOrderId": "674ed6d8dcdd7b00076b11fd",
      "price": "0.0002457",
      "sequence": "5935721824401409",
      "side": "buy",
      "size": "76297",
      "symbol": "TOSHI-USDT",
      "takerOrderId": "674ed6d8ef434f0007e95b11",
      "time": "1733220056902000000",
      "tradeId": "5935721824401409",
      "type": "match",
      "time_received": "10:00:56.9429"
    },
    {
      "makerOrderId": "674ed6d8dcdd7b00076b11fd",
      "price": "0.0002457",
      "sequence": "5935721824532481",
      "side": "buy",
      "size": "125277",
      "symbol": "TOSHI-USDT",
      "takerOrderId": "674ed6d8812d4000073f154d",
      "time": "1733220056902000000",
      "tradeId": "5935721824532481",
      "type": "match",
      "time_received": "10:00:56.9467"
    },
    {
      "makerOrderId": "674ed6d8dcdd7b00076b11fd",
      "price": "0.0002457",
      "sequence": "5935721825318913",
      "side": "buy",
      "size": "125277",
      "symbol": "TOSHI-USDT",
      "takerOrderId": "674ed6d8754b1e00070bbc54",
      "time": "1733220056904000000",
      "tradeId": "5935721825318913",
      "type": "match",
      "time_received": "10:00:56.9468"
    },
    {
      "makerOrderId": "674ed6d8dcdd7b00076b11fd",
      "price": "0.0002457",
      "sequence": "5935721826236417",
      "side": "buy",
      "size": "334073",
      "symbol": "TOSHI-USDT",
      "takerOrderId": "674ed6d8439c10000732c10f",
      "time": "1733220056906000000",
      "tradeId": "5935721826236417",
      "type": "match",
      "time_received": "10:00:56.9469"
    },
    {
      "makerOrderId": "674ed6d8dcdd7b00076b11fd",
      "price": "0.0002457",
      "sequence": "5935721827022849",
      "side": "buy",
      "size": "34552",
      "symbol": "TOSHI-USDT",
      "takerOrderId": "674ed6d8725fc600075b6a21",
      "time": "1733220056907000000",
      "tradeId": "5935721827022849",
      "type": "match",
      "time_received": "10:00:56.9469"
    },
    {
      "makerOrderId": "674ed6d8dcdd7b00076b11fd",
      "price": "0.0002457",
      "sequence": "5935721827153921",
      "side": "buy",
      "size": "83519",
      "symbol": "TOSHI-USDT",
      "takerOrderId": "674ed6d8b6d508000704d50e",
      "time": "1733220056907000000",
      "tradeId": "5935721827153921",
      "type": "match",
      "time_received": "10:00:56.9470"
    },
    {
      "makerOrderId": "674ed6d8dcdd7b00076b11fd",
      "price": "0.0002457",
      "sequence": "5935721827284993",
      "side": "buy",
      "size": "6282",
      "symbol": "TOSHI-USDT",
      "takerOrderId": "674ed6d8ef434f0007e95b1f",
      "time": "1733220056907000000",
      "tradeId": "5935721827284993",
      "type": "match",
      "time_received": "10:00:56.9471"
    },
    {
      "makerOrderId": "674ed6d8dcdd7b00076b11fd",
      "price": "0.0002457",
      "sequence": "5935721827940353",
      "side": "buy",
      "size": "34552",
      "symbol": "TOSHI-USDT",
      "takerOrderId": "674ed6d8e21c740007e67040",
      "time": "1733220056909000000",
      "tradeId": "5935721827940353",
      "type": "match",
      "time_received": "10:00:56.9536"
    },
    {
      "makerOrderId": "674ed6d8dcdd7b00076b11fd",
      "price": "0.0002457",
      "sequence": "5935721828071425",
      "side": "buy",
      "size": "34552",
      "symbol": "TOSHI-USDT",
      "takerOrderId": "674ed6d83d4b3d00075354b3",
      "time": "1733220056909000000",
      "tradeId": "5935721828071425",
      "type": "match",
      "time_received": "10:00:56.9537"
    },
    {
      "makerOrderId": "674ed6d8dcdd7b00076b11fd",
      "price": "0.0002457",
      "sequence": "5935721828202497",
      "side": "buy",
      "size": "34552",
      "symbol": "TOSHI-USDT",
      "takerOrderId": "674ed6d88b053b00073e531a",
      "time": "1733220056910000000",
      "tradeId": "5935721828202497",
      "type": "match",
      "time_received": "10:00:56.9538"
    },
    {
      "makerOrderId": "674ed6d8dcdd7b00076b11fd",
      "price": "0.0002457",
      "sequence": "5935721828726785",
      "side": "buy",
      "size": "34552",
      "symbol": "TOSHI-USDT",
      "takerOrderId": "674ed6d833b8f30007b64072",
      "time": "1733220056911000000",
      "tradeId": "5935721828726785",
      "type": "match",
      "time_received": "10:00:56.9539"
    },
    {
      "makerOrderId": "674ed6d8dcdd7b00076b11fd",
      "price": "0.0002457",
      "sequence": "5935721828988929",
      "side": "buy",
      "size": "76529",
      "symbol": "TOSHI-USDT",
      "takerOrderId": "674ed6d85e5d4c000777f318",
      "time": "1733220056911000000",
      "tradeId": "5935721828988929",
      "type": "match",
      "time_received": "10:00:56.9549"
    },
    {
      "makerOrderId": "674ed6d8dcdd7b00076b11fd",
      "price": "0.0002457",
      "sequence": "5935721831479297",
      "side": "buy",
      "size": "76529",
      "symbol": "TOSHI-USDT",
      "takerOrderId": "674ed6d82033a50007cd5e86",
      "time": "1733220056916000000",
      "tradeId": "5935721831479297",
      "type": "match",
      "time_received": "10:00:56.9856"
    },
    {
      "makerOrderId": "674ed6d8dcdd7b00076b11fd",
      "price": "0.0002457",
      "sequence": "5935721832265729",
      "side": "buy",
      "size": "82081",
      "symbol": "TOSHI-USDT",
      "takerOrderId": "674ed6d8dcdd7b00076b128a",
      "time": "1733220056918000000",
      "tradeId": "5935721832265729",
      "type": "match",
      "time_received": "10:00:56.9857"
    },
    {
      "makerOrderId": "674ed6d8dcdd7b00076b11fd",
      "price": "0.0002457",
      "sequence": "5935721832396801",
      "side": "buy",
      "size": "42857",
      "symbol": "TOSHI-USDT",
      "takerOrderId": "674ed6d8439c10000732c129",
      "time": "1733220056918000000",
      "tradeId": "5935721832396801",
      "type": "match",
      "time_received": "10:00:56.9857"
    },
    {
      "makerOrderId": "674ed6d8dcdd7b00076b11fd",
      "price": "0.0002457",
      "sequence": "5935721832658945",
      "side": "buy",
      "size": "82081",
      "symbol": "TOSHI-USDT",
      "takerOrderId": "674ed6d83d4b3d00075354b7",
      "time": "1733220056918000000",
      "tradeId": "5935721832658945",
      "type": "match",
      "time_received": "10:00:56.9857"
    },
    {
      "makerOrderId": "674ed6d8dcdd7b00076b11fd",
      "price": "0.0002457",
      "sequence": "5935721833183233",
      "side": "buy",
      "size": "47653",
      "symbol": "TOSHI-USDT",
      "takerOrderId": "674ed6d85e5d4c000777f328",
      "time": "1733220056919000000",
      "tradeId": "5935721833183233",
      "type": "match",
      "time_received": "10:00:56.9858"
    },
    {
      "makerOrderId": "674ed6d8dcdd7b00076b11fd",
      "price": "0.0002457",
      "sequence": "5935721834100737",
      "side": "buy",
      "size": "76529",
      "symbol": "TOSHI-USDT",
      "takerOrderId": "674ed6d8b26bfb0007301e17",
      "time": "1733220056919000000",
      "tradeId": "5935721834100737",
      "type": "match",
      "time_received": "10:00:56.9858"
    },
    {
      "makerOrderId": "674ed6d8dcdd7b00076b11fd",
      "price": "0.0002457",
      "sequence": "5935721835411457",
      "side": "buy",
      "size": "56627",
      "symbol": "TOSHI-USDT",
      "takerOrderId": "674ed6d82033a50007cd5e95",
      "time": "1733220056928000000",
      "tradeId": "5935721835411457",
      "type": "match",
      "time_received": "10:00:56.9859"
    },
    {
      "makerOrderId": "674ed6d8dcdd7b00076b11fd",
      "price": "0.0002457",
      "sequence": "5935721835542529",
      "side": "buy",
      "size": "164997",
      "symbol": "TOSHI-USDT",
      "takerOrderId": "674ed6d8e21c740007e67060",
      "time": "1733220056928000000",
      "tradeId": "5935721835542529",
      "type": "match",
      "time_received": "10:00:56.9860"
    },
    {
      "makerOrderId": "674ed6d8dcdd7b00076b11fd",
      "price": "0.0002457",
      "sequence": "5935721835673601",
      "side": "buy",
      "size": "164997",
      "symbol": "TOSHI-USDT",
      "takerOrderId": "674ed6d81e254f0007a17480",
      "time": "1733220056928000000",
      "tradeId": "5935721835673601",
      "type": "match",
      "time_received": "10:00:56.9861"
    },
    {
      "makerOrderId": "674ed6d8dcdd7b00076b11fd",
      "price": "0.0002457",
      "sequence": "5935721836066817",
      "side": "buy",
      "size": "164997",
      "symbol": "TOSHI-USDT",
      "takerOrderId": "674ed6d814a8920007dc3796",
      "time": "1733220056929000000",
      "tradeId": "5935721836066817",
      "type": "match",
      "time_received": "10:00:56.9861"
    },
    {
      "makerOrderId": "674ed6d8dcdd7b00076b11fd",
      "price": "0.0002457",
      "sequence": "5935721836197889",
      "side": "buy",
      "size": "164997",
      "symbol": "TOSHI-USDT",
      "takerOrderId": "674ed6d8725fc600075b6a41",
      "time": "1733220056929000000",
      "tradeId": "5935721836197889",
      "type": "match",
      "time_received": "10:00:56.9862"
    },
    {
      "makerOrderId": "674ed6d8dcdd7b00076b11fd",
      "price": "0.0002457",
      "sequence": "5935721836328961",
      "side": "buy",
      "size": "125277",
      "symbol": "TOSHI-USDT",
      "takerOrderId": "674ed6d8812d4000073f156c",
      "time": "1733220056929000000",
      "tradeId": "5935721836328961",
      "type": "match",
      "time_received": "10:00:56.9862"
    },
    {
      "makerOrderId": "674ed6d8dcdd7b00076b11fd",
      "price": "0.0002457",
      "sequence": "5935721836591105",
      "side": "buy",
      "size": "34552",
      "symbol": "TOSHI-USDT",
      "takerOrderId": "674ed6d8ef434f0007e95b41",
      "time": "1733220056930000000",
      "tradeId": "5935721836591105",
      "type": "match",
      "time_received": "10:00:56.9863"
    },
    {
      "makerOrderId": "674ed6d8dcdd7b00076b11fd",
      "price": "0.0002457",
      "sequence": "5935721837508609",
      "side": "buy",
      "size": "34552",
      "symbol": "TOSHI-USDT",
      "takerOrderId": "674ed6d82033a50007cd5e9c",
      "time": "1733220056933000000",
      "tradeId": "5935721837508609",
      "type": "match",
      "time_received": "10:00:56.9863"
    },
    {
      "makerOrderId": "674ed6d8dcdd7b00076b11fd",
      "price": "0.0002457",
      "sequence": "5935721837639681",
      "side": "buy",
      "size": "92139",
      "symbol": "TOSHI-USDT",
      "takerOrderId": "674ed6d85e5d4c000777f336",
      "time": "1733220056933000000",
      "tradeId": "5935721837639681",
      "type": "match",
      "time_received": "10:00:56.9864"
    },
    {
      "makerOrderId": "674ed6d8dcdd7b00076b11fd",
      "price": "0.0002457",
      "sequence": "5935721837770753",
      "side": "buy",
      "size": "92139",
      "symbol": "TOSHI-USDT",
      "takerOrderId": "674ed6d8f61fa00007be11df",
      "time": "1733220056933000000",
      "tradeId": "5935721837770753",
      "type": "match",
      "time_received": "10:00:56.9959"
    },
    {
      "makerOrderId": "674ed6d8dcdd7b00076b11fd",
      "price": "0.0002457",
      "sequence": "5935721838557185",
      "side": "buy",
      "size": "15303",
      "symbol": "TOSHI-USDT",
      "takerOrderId": "674ed6d8b26bfb0007301e2a",
      "time": "1733220056934000000",
      "tradeId": "5935721838557185",
      "type": "match",
      "time_received": "10:00:56.9960"
    },
    {
      "makerOrderId": "674ed6d8dcdd7b00076b11fd",
      "price": "0.0002457",
      "sequence": "5935721838688257",
      "side": "buy",
      "size": "82081",
      "symbol": "TOSHI-USDT",
      "takerOrderId": "674ed6d8f61fa00007be11e8",
      "time": "1733220056934000000",
      "tradeId": "5935721838688257",
      "type": "match",
      "time_received": "10:00:56.9960"
    },
    {
      "makerOrderId": "674ed6d8dcdd7b00076b11fd",
      "price": "0.0002457",
      "sequence": "5935721838819329",
      "side": "buy",
      "size": "92139",
      "symbol": "TOSHI-USDT",
      "takerOrderId": "674ed6d85a55500007620dc7",
      "time": "1733220056934000000",
      "tradeId": "5935721838819329",
      "type": "match",
