[
  {
    "price": "0.003",
    "sequence": "5585548824295425",
    "side": "sell",
    "size": "100",
    "symbol": "MEMEFI-USDT",
    "time": "1732280400000000000",
    "tradeId": "5585548824295425",
    "type": "match",
    "time_data_received": "13:00:00.1035"
  },
  {
    "makerOrderId": "674080186967d30007b47abb",
    "price": "0.01",
    "sequence": "5585548838320129",
    "side": "buy",
    "size": "748",
    "symbol": "MEMEFI-USDT",
    "takerOrderId": "67408050f1bf400007463069",
    "time": "1732280400081000000",
    "tradeId": "5585548838320129",
    "type": "match",
    "time_data_received": "13:00:00.1321"
  },
  {
    "makerOrderId": "67407fb20d85530007cdc4ce",
    "price": "0.03",
    "sequence": "5585548848805889",
    "side": "buy",
    "size": "10",
    "symbol": "MEMEFI-USDT",
    "takerOrderId": "67408050f1bf400007463088",
    "time": "1732280400105000000",
    "tradeId": "5585548848805889",
    "type": "match",
    "time_data_received": "13:00:00.1586"
  },
  {
    "makerOrderId": "67407fb20d85530007cdc4ce",
    "price": "0.03",
    "sequence": "5585548853393409",
    "side": "buy",
    "size": "10",
    "symbol": "MEMEFI-USDT",
    "takerOrderId": "67408050c5ba7400073a5c9a",
    "time": "1732280400120000000",
    "tradeId": "5585548853393409",
    "type": "match",
    "time_data_received": "13:00:00.1712"
  },
  {
    "makerOrderId": "67407fb20d85530007cdc4ce",
    "price": "0.03",
    "sequence": "5585548854966273",
    "side": "buy",
    "size": "10",
    "symbol": "MEMEFI-USDT",
    "takerOrderId": "674080500d85530007d10b43",
    "time": "1732280400126000000",
    "tradeId": "5585548854966273",
    "type": "match",
    "time_data_received": "13:00:00.1783"
  },
  {
    "makerOrderId": "67407fb20d85530007cdc4ce",
    "price": "0.03",
    "sequence": "5585548856145921",
    "side": "buy",
    "size": "10",
    "symbol": "MEMEFI-USDT",
    "takerOrderId": "67408050088f0100075a66e8",
    "time": "1732280400131000000",
    "tradeId": "5585548856145921",
    "type": "match",
    "time_data_received": "13:00:00.1785"
  },
  {
    "makerOrderId": "67407fb20d85530007cdc4ce",
    "price": "0.03",
    "sequence": "5585548865189889",
    "side": "buy",
    "size": "10",
    "symbol": "MEMEFI-USDT",
    "takerOrderId": "67408050c5ba7400073a5db7",
    "time": "1732280400170000000",
    "tradeId": "5585548865189889",
    "type": "match",
    "time_data_received": "13:00:00.2193"
  },
  {
    "makerOrderId": "67407fb20d85530007cdc4ce",
    "price": "0.03",
    "sequence": "5585548866631681",
    "side": "buy",
    "size": "10",
    "symbol": "MEMEFI-USDT",
    "takerOrderId": "6740805037061e0007f65444",
    "time": "1732280400176000000",
    "tradeId": "5585548866631681",
    "type": "match",
    "time_data_received": "13:00:00.2274"
  },
  {
    "makerOrderId": "67407fb20d85530007cdc4ce",
    "price": "0.03",
    "sequence": "5585548868859905",
    "side": "buy",
    "size": "290",
    "symbol": "MEMEFI-USDT",
    "takerOrderId": "67408050f1bf40000746323b",
    "time": "1732280400183000000",
    "tradeId": "5585548868859905",
    "type": "match",
    "time_data_received": "13:00:00.2360"
  },
  {
    "makerOrderId": "67407fef0d85530007cef331",
    "price": "0.03",
    "sequence": "5585548868859908",
    "side": "buy",
    "size": "350",
    "symbol": "MEMEFI-USDT",
    "takerOrderId": "67408050f1bf40000746323b",
    "time": "1732280400183000000",
    "tradeId": "5585548868859908",
    "type": "match",
    "time_data_received": "13:00:00.2362"
  },
  {
    "makerOrderId": "67407fb4b7e21a0007131945",
    "price": "0.03006",
    "sequence": "5585548868859911",
    "side": "buy",
    "size": "355",
    "symbol": "MEMEFI-USDT",
    "takerOrderId": "67408050f1bf40000746323b",
    "time": "1732280400183000000",
    "tradeId": "5585548868859911",
    "type": "match",
    "time_data_received": "13:00:00.2364"
  },
  {
    "makerOrderId": "67408052f1bf400007464ef2",
    "price": "0.88433",
    "sequence": "5585550376843265",
    "side": "sell",
    "size": "10",
    "symbol": "MEMEFI-USDT",
    "takerOrderId": "6740805467cdc90007fdd0bd",
    "time": "1732280404027000000",
    "tradeId": "5585550376843265",
    "type": "match",
    "time_data_received": "13:00:04.1827"
  },
  {
    "makerOrderId": "67408053c5ba7400073a7b60",
    "price": "0.88433",
    "sequence": "5585550376843268",
    "side": "sell",
    "size": "53.2",
    "symbol": "MEMEFI-USDT",
    "takerOrderId": "6740805467cdc90007fdd0bd",
    "time": "1732280404027000000",
    "tradeId": "5585550376843268",
    "type": "match",
    "time_data_received": "13:00:04.1839"
  },
  {
    "makerOrderId": "67408053f4f12000076b00d6",
    "price": "0.88433",
    "sequence": "5585550376843271",
    "side": "sell",
    "size": "118.3",
    "symbol": "MEMEFI-USDT",
    "takerOrderId": "6740805467cdc90007fdd0bd",
    "time": "1732280404027000000",
    "tradeId": "5585550376843271",
    "type": "match",
    "time_data_received": "13:00:04.1843"
  },
  {
    "makerOrderId": "67408053c5ba7400073a7b92",
    "price": "0.88433",
    "sequence": "5585550376843274",
    "side": "sell",
    "size": "147.2",
    "symbol": "MEMEFI-USDT",
    "takerOrderId": "6740805467cdc90007fdd0bd",
    "time": "1732280404027000000",
    "tradeId": "5585550376843274",
    "type": "match",
    "time_data_received": "13:00:04.1856"
  },
  {
    "makerOrderId": "6740805367cdc90007fdc94a",
    "price": "0.88433",
    "sequence": "5585550376843277",
    "side": "sell",
    "size": "90.7",
    "symbol": "MEMEFI-USDT",
    "takerOrderId": "6740805467cdc90007fdd0bd",
    "time": "1732280404027000000",
    "tradeId": "5585550376843277",
    "type": "match",
    "time_data_received": "13:00:04.1860"
  },
  {
    "makerOrderId": "67408053cf286a0007f14f4d",
    "price": "0.88433",
    "sequence": "5585550376843280",
    "side": "sell",
    "size": "53.8",
    "symbol": "MEMEFI-USDT",
    "takerOrderId": "6740805467cdc90007fdd0bd",
    "time": "1732280404027000000",
    "tradeId": "5585550376843280",
    "type": "match",
    "time_data_received": "13:00:04.1872"
  },
  {
    "makerOrderId": "6740805368486d00073b9f83",
    "price": "0.88433",
    "sequence": "5585550376843283",
    "side": "sell",
    "size": "53.2",
    "symbol": "MEMEFI-USDT",
    "takerOrderId": "6740805467cdc90007fdd0bd",
    "time": "1732280404027000000",
    "tradeId": "5585550376843283",
    "type": "match",
    "time_data_received": "13:00:04.1875"
  },
  {
    "makerOrderId": "674080530d85530007d12e34",
    "price": "0.88433",
    "sequence": "5585550376843286",
    "side": "sell",
    "size": "30.9",
    "symbol": "MEMEFI-USDT",
    "takerOrderId": "6740805467cdc90007fdd0bd",
    "time": "1732280404027000000",
    "tradeId": "5585550376843286",
    "type": "match",
    "time_data_received": "13:00:04.1887"
  },
  {
    "makerOrderId": "67408052cf286a0007f14d75",
    "price": "0.87299",
    "sequence": "5585550376843289",
    "side": "sell",
    "size": "10",
    "symbol": "MEMEFI-USDT",
    "takerOrderId": "6740805467cdc90007fdd0bd",
    "time": "1732280404027000000",
    "tradeId": "5585550376843289",
    "type": "match",
    "time_data_received": "13:00:04.1894"
  },
  {
    "makerOrderId": "6740805267cdc90007fdc771",
    "price": "0.86645",
    "sequence": "5585550376843292",
    "side": "sell",
    "size": "10",
    "symbol": "MEMEFI-USDT",
    "takerOrderId": "6740805467cdc90007fdd0bd",
    "time": "1732280404027000000",
    "tradeId": "5585550376843292",
    "type": "match",
    "time_data_received": "13:00:04.1896"
  },
  {
    "makerOrderId": "674080530d85530007d12952",
    "price": "0.86175",
    "sequence": "5585550376843295",
    "side": "sell",
    "size": "10",
    "symbol": "MEMEFI-USDT",
    "takerOrderId": "6740805467cdc90007fdd0bd",
    "time": "1732280404027000000",
    "tradeId": "5585550376843295",
    "type": "match",
    "time_data_received": "13:00:04.1909"
  },
  {
    "makerOrderId": "674080520d85530007d1287e",
    "price": "0.85695",
    "sequence": "5585550376843298",
    "side": "sell",
    "size": "10",
    "symbol": "MEMEFI-USDT",
    "takerOrderId": "6740805467cdc90007fdd0bd",
    "time": "1732280404027000000",
    "tradeId": "5585550376843298",
    "type": "match",
    "time_data_received": "13:00:04.1912"
  },
  {
    "makerOrderId": "67408052d52cb80007aff356",
    "price": "0.847",
    "sequence": "5585550376843301",
    "side": "sell",
    "size": "10",
    "symbol": "MEMEFI-USDT",
    "takerOrderId": "6740805467cdc90007fdd0bd",
    "time": "1732280404027000000",
    "tradeId": "5585550376843301",
    "type": "match",
    "time_data_received": "13:00:04.1924"
  },
  {
    "makerOrderId": "674080544fe7460007acf070",
    "price": "0.78545",
    "sequence": "5585551009134593",
    "side": "sell",
    "size": "20.3",
    "symbol": "MEMEFI-USDT",
    "takerOrderId": "6740805568486d00073bb1a3",
    "time": "1732280405699000000",
    "tradeId": "5585551009134593",
    "type": "match",
    "time_data_received": "13:00:05.8185"
  },
  {
    "makerOrderId": "67408054d52cb80007affead",
    "price": "0.78545",
    "sequence": "5585551009134596",
    "side": "sell",
    "size": "11.8",
    "symbol": "MEMEFI-USDT",
    "takerOrderId": "6740805568486d00073bb1a3",
    "time": "1732280405699000000",
    "tradeId": "5585551009134596",
    "type": "match",
    "time_data_received": "13:00:05.8188"
  },
  {
    "makerOrderId": "6740805437061e0007f67c72",
    "price": "0.78545",
    "sequence": "5585551009134599",
    "side": "sell",
    "size": "32.9",
    "symbol": "MEMEFI-USDT",
    "takerOrderId": "6740805568486d00073bb1a3",
    "time": "1732280405699000000",
    "tradeId": "5585551009134599",
    "type": "match",
    "time_data_received": "13:00:05.8199"
  },
  {
    "makerOrderId": "6740805431d0950007dd7491",
    "price": "0.78545",
    "sequence": "5585551009134602",
    "side": "sell",
    "size": "26.4",
    "symbol": "MEMEFI-USDT",
    "takerOrderId": "6740805568486d00073bb1a3",
    "time": "1732280405699000000",
    "tradeId": "5585551009134602",
    "type": "match",
    "time_data_received": "13:00:05.8202"
  },
  {
    "makerOrderId": "67408054f4f12000076b0bd6",
    "price": "0.78545",
    "sequence": "5585551009134605",
    "side": "sell",
    "size": "12.7",
    "symbol": "MEMEFI-USDT",
    "takerOrderId": "6740805568486d00073bb1a3",
    "time": "1732280405699000000",
    "tradeId": "5585551009134605",
    "type": "match",
    "time_data_received": "13:00:05.8213"
  },
  {
    "makerOrderId": "67408054df6f6e000726122e",
    "price": "0.78545",
    "sequence": "5585551009134608",
    "side": "sell",
    "size": "12.7",
    "symbol": "MEMEFI-USDT",
    "takerOrderId": "6740805568486d00073bb1a3",
    "time": "1732280405699000000",
    "tradeId": "5585551009134608",
    "type": "match",
    "time_data_received": "13:00:05.8216"
  },
  {
    "makerOrderId": "67408050ae93cc00077a74ab",
    "price": "0.15",
    "sequence": "5585551150168065",
    "side": "sell",
    "size": "200",
    "symbol": "MEMEFI-USDT",
    "takerOrderId": "67408056f15b27000752f481",
    "time": "1732280406075000000",
    "tradeId": "5585551150168065",
    "type": "match",
    "time_data_received": "13:00:06.5329"
  },
  {
    "makerOrderId": "6740805568486d00073bb3aa",
    "price": "0.15",
    "sequence": "5585551150168068",
    "side": "sell",
    "size": "34.3",
    "symbol": "MEMEFI-USDT",
    "takerOrderId": "67408056f15b27000752f481",
    "time": "1732280406075000000",
    "tradeId": "5585551150168068",
    "type": "match",
    "time_data_received": "13:00:06.5342"
  },
  {
    "makerOrderId": "67408056b7e21a0007168b86",
    "price": "0.15",
    "sequence": "5585551150168071",
    "side": "sell",
    "size": "33.3",
    "symbol": "MEMEFI-USDT",
    "takerOrderId": "67408056f15b27000752f481",
    "time": "1732280406075000000",
    "tradeId": "5585551150168071",
    "type": "match",
    "time_data_received": "13:00:06.5346"
  },
  {
    "makerOrderId": "67408057c65bf70007e5b0a7",
    "price": "0.11304",
    "sequence": "5585551641294849",
    "side": "sell",
    "size": "52.9",
    "symbol": "MEMEFI-USDT",
    "takerOrderId": "6740805737061e0007f6960b",
    "time": "1732280407373000000",
    "tradeId": "5585551641294849",
    "type": "match",
    "time_data_received": "13:00:07.4275"
  },
  {
    "makerOrderId": "6740805068486d00073b81c0",
    "price": "0.113",
    "sequence": "5585551641294852",
    "side": "sell",
    "size": "89",
    "symbol": "MEMEFI-USDT",
    "takerOrderId": "6740805737061e0007f6960b",
    "time": "1732280407373000000",
    "tradeId": "5585551641294852",
    "type": "match",
    "time_data_received": "13:00:07.4277"
  },
  {
    "makerOrderId": "674080501586c1000750a836",
    "price": "0.08",
    "sequence": "5585551740909569",
    "side": "sell",
    "size": "100",
    "symbol": "MEMEFI-USDT",
    "takerOrderId": "6740805731d0950007dd8f8f",
    "time": "1732280407693000000",
    "tradeId": "5585551740909569",
    "type": "match",
    "time_data_received": "13:00:07.7517"
  },
  {
    "makerOrderId": "67408057f4a7c500074ca92c",
    "price": "0.16",
    "sequence": "5585552080517121",
    "side": "sell",
    "size": "312.5",
    "symbol": "MEMEFI-USDT",
    "takerOrderId": "67408058088f0100075ab2c0",
    "time": "1732280408289000000",
    "tradeId": "5585552080517121",
    "type": "match",
    "time_data_received": "13:00:08.3410"
  },
  {
    "makerOrderId": "67408056ae93cc00077aaa5c",
    "price": "0.03006",
    "sequence": "5585552083924993",
    "side": "sell",
    "size": "61.9",
    "symbol": "MEMEFI-USDT",
    "takerOrderId": "674080586967d30007b5f412",
    "time": "1732280408300000000",
    "tradeId": "5585552083924993",
    "type": "match",
    "time_data_received": "13:00:08.3526"
  },
  {
    "makerOrderId": "674080560d85530007d147fd",
    "price": "0.03006",
    "sequence": "5585552083924996",
    "side": "sell",
    "size": "3898.5",
    "symbol": "MEMEFI-USDT",
    "takerOrderId": "674080586967d30007b5f412",
    "time": "1732280408300000000",
    "tradeId": "5585552083924996",
    "type": "match",
    "time_data_received": "13:00:08.3527"
  },
  {
    "makerOrderId": "67408057b7e21a0007169940",
    "price": "0.73336",
    "sequence": "5585552104110081",
    "side": "buy",
    "size": "26.3",
    "symbol": "MEMEFI-USDT",
    "takerOrderId": "67408058088f0100075ab35b",
    "time": "1732280408354000000",
    "tradeId": "5585552104110081",
    "type": "match",
    "time_data_received": "13:00:08.4047"
  },
  {
    "makerOrderId": "674080574fe7460007ad0ab5",
    "price": "0.7334",
    "sequence": "5585552104110084",
    "side": "buy",
    "size": "8.5",
    "symbol": "MEMEFI-USDT",
    "takerOrderId": "67408058088f0100075ab35b",
    "time": "1732280408354000000",
    "tradeId": "5585552104110084",
    "type": "match",
    "time_data_received": "13:00:08.4049"
  },
  {
    "makerOrderId": "67408058df6f6e00072630e7",
    "price": "0.16004",
    "sequence": "5585552163485697",
    "side": "sell",
    "size": "18.7",
    "symbol": "MEMEFI-USDT",
    "takerOrderId": "67408058f4a7c500074cb211",
    "time": "1732280408504000000",
    "tradeId": "5585552163485697",
    "type": "match",
    "time_data_received": "13:00:08.5533"
  },
  {
    "makerOrderId": "674080560d85530007d147fd",
    "price": "0.03006",
    "sequence": "5585552213161985",
    "side": "sell",
    "size": "3196.6",
    "symbol": "MEMEFI-USDT",
    "takerOrderId": "6740805837061e0007f6a28b",
    "time": "1732280408641000000",
    "tradeId": "5585552213161985",
    "type": "match",
    "time_data_received": "13:00:08.6921"
  },
  {
    "makerOrderId": "674080560d85530007d147fd",
    "price": "0.03006",
    "sequence": "5585552253794305",
    "side": "sell",
    "size": "2407.9",
    "symbol": "MEMEFI-USDT",
    "takerOrderId": "674080586967d30007b5f809",
    "time": "1732280408764000000",
    "tradeId": "5585552253794305",
    "type": "match",
    "time_data_received": "13:00:08.8158"
  },
  {
    "makerOrderId": "67408058c65bf70007e5ba13",
    "price": "0.03006",
    "sequence": "5585552253794308",
    "side": "sell",
    "size": "35.5",
    "symbol": "MEMEFI-USDT",
    "takerOrderId": "674080586967d30007b5f809",
    "time": "1732280408764000000",
    "tradeId": "5585552253794308",
    "type": "match",
    "time_data_received": "13:00:08.8159"
  },
  {
    "makerOrderId": "67408059b7e21a000716a8bc",
    "price": "0.03",
    "sequence": "5585552732600321",
    "side": "buy",
    "size": "45.2",
    "symbol": "MEMEFI-USDT",
    "takerOrderId": "6740805adf6f6e0007263bf9",
    "time": "1732280410070000000",
    "tradeId": "5585552732600321",
    "type": "match",
    "time_data_received": "13:00:10.1349"
  },
  {
    "makerOrderId": "674080586967d30007b5f809",
    "price": "0.03006",
    "sequence": "5585552732600324",
    "side": "buy",
    "size": "287.4",
    "symbol": "MEMEFI-USDT",
    "takerOrderId": "6740805adf6f6e0007263bf9",
    "time": "1732280410070000000",
    "tradeId": "5585552732600324",
    "type": "match",
    "time_data_received": "13:00:10.1362"
  },
  {
    "makerOrderId": "674080586967d30007b5f809",
    "price": "0.03006",
    "sequence": "5585553156749313",
    "side": "buy",
    "size": "2207.4",
    "symbol": "MEMEFI-USDT",
    "takerOrderId": "6740805b1586c100075101f5",
    "time": "1732280411224000000",
    "tradeId": "5585553156749313",
    "type": "match",
    "time_data_received": "13:00:11.2771"
  },
  {
    "makerOrderId": "67408059b7e21a000716a66f",
    "price": "0.03006",
    "sequence": "5585553156749316",
    "side": "buy",
    "size": "214.4",
    "symbol": "MEMEFI-USDT",
    "takerOrderId": "6740805b1586c100075101f5",
    "time": "1732280411224000000",
    "tradeId": "5585553156749316",
    "type": "match",
    "time_data_received": "13:00:11.2774"
  },
  {
    "makerOrderId": "6740805967cdc90007fdfe58",
    "price": "0.03006",
    "sequence": "5585553156749319",
    "side": "buy",
    "size": "937.6",
    "symbol": "MEMEFI-USDT",
    "takerOrderId": "6740805b1586c100075101f5",
    "time": "1732280411224000000",
    "tradeId": "5585553156749319",
    "type": "match",
    "time_data_received": "13:00:11.2785"
  },
  {
    "makerOrderId": "674080590d85530007d16144",
    "price": "0.03006",
    "sequence": "5585553156749322",
    "side": "buy",
    "size": "3655.8",
    "symbol": "MEMEFI-USDT",
    "takerOrderId": "6740805b1586c100075101f5",
    "time": "1732280411224000000",
    "tradeId": "5585553156749322",
    "type": "match",
    "time_data_received": "13:00:11.2788"
  },
  {
    "makerOrderId": "674080590d85530007d16144",
    "price": "0.03006",
    "sequence": "5585553343526913",
    "side": "buy",
    "size": "21",
    "symbol": "MEMEFI-USDT",
    "takerOrderId": "6740805bf4f12000076b47ee",
    "time": "1732280411613000000",
    "tradeId": "5585553343526913",
    "type": "match",
    "time_data_received": "13:00:11.6631"
  },
  {
    "makerOrderId": "6740805bd52cb80007b038d8",
    "price": "0.02001",
    "sequence": "5585553352570881",
    "side": "sell",
    "size": "308.1",
    "symbol": "MEMEFI-USDT",
    "takerOrderId": "6740805bc5ba7400073ac31f",
    "time": "1732280411640000000",
    "tradeId": "5585553352570881",
    "type": "match",
    "time_data_received": "13:00:11.6894"
  },
  {
    "makerOrderId": "67408050ae93cc00077a6ed0",
    "price": "0.02",
    "sequence": "5585553352570884",
    "side": "sell",
    "size": "500",
    "symbol": "MEMEFI-USDT",
    "takerOrderId": "6740805bc5ba7400073ac31f",
    "time": "1732280411640000000",
    "tradeId": "5585553352570884",
    "type": "match",
    "time_data_received": "13:00:11.6897"
  },
  {
    "makerOrderId": "67408050ae93cc00077a6fcd",
    "price": "0.02",
    "sequence": "5585553352570887",
    "side": "sell",
    "size": "2409",
    "symbol": "MEMEFI-USDT",
    "takerOrderId": "6740805bc5ba7400073ac31f",
    "time": "1732280411640000000",
    "tradeId": "5585553352570887",
    "type": "match",
    "time_data_received": "13:00:11.6906"
  },
  {
    "makerOrderId": "674080590d85530007d16144",
    "price": "0.03006",
    "sequence": "5585553564907521",
    "side": "buy",
    "size": "39869",
    "symbol": "MEMEFI-USDT",
    "takerOrderId": "6740805ccf286a0007f19928",
    "time": "1732280412026000000",
    "tradeId": "5585553564907521",
    "type": "match",
    "time_data_received": "13:00:12.1109"
  },
  {
    "makerOrderId": "6740805a68486d00073bd9c8",
    "price": "0.03006",
    "sequence": "5585553564907524",
    "side": "buy",
    "size": "3377.8",
    "symbol": "MEMEFI-USDT",
    "takerOrderId": "6740805ccf286a0007f19928",
    "time": "1732280412026000000",
    "tradeId": "5585553564907524",
    "type": "match",
    "time_data_received": "13:00:12.1112"
  },
  {
    "makerOrderId": "6740805a68486d00073bd9c8",
    "price": "0.03006",
    "sequence": "5585553586665473",
    "side": "buy",
    "size": "32.7",
    "symbol": "MEMEFI-USDT",
    "takerOrderId": "6740805c68486d00073be692",
    "time": "1732280412075000000",
    "tradeId": "5585553586665473",
    "type": "match",
    "time_data_received": "13:00:12.1745"
  },
  {
    "makerOrderId": "6740805a68486d00073bd9c8",
    "price": "0.03006",
    "sequence": "5585553588893697",
    "side": "buy",
    "size": "3881.2",
    "symbol": "MEMEFI-USDT",
    "takerOrderId": "6740805cf1bf400007469ac5",
    "time": "1732280412079000000",
    "tradeId": "5585553588893697",
    "type": "match",
    "time_data_received": "13:00:12.1755"
  },
  {
    "makerOrderId": "6740805ad52cb80007b034ce",
    "price": "0.03006",
    "sequence": "5585553588893700",
    "side": "buy",
    "size": "3975.7",
    "symbol": "MEMEFI-USDT",
    "takerOrderId": "6740805cf1bf400007469ac5",
    "time": "1732280412079000000",
    "tradeId": "5585553588893700",
    "type": "match",
    "time_data_received": "13:00:12.1758"
  },
  {
    "makerOrderId": "6740805b31d0950007ddadff",
    "price": "0.03006",
    "sequence": "5585553588893703",
    "side": "buy",
    "size": "690.7",
    "symbol": "MEMEFI-USDT",
    "takerOrderId": "6740805cf1bf400007469ac5",
    "time": "1732280412079000000",
    "tradeId": "5585553588893703",
    "type": "match",
    "time_data_received": "13:00:12.1760"
  },
  {
    "makerOrderId": "6740805b088f0100075ac9c6",
    "price": "0.03006",
    "sequence": "5585553588893706",
    "side": "buy",
    "size": "22155.5",
    "symbol": "MEMEFI-USDT",
    "takerOrderId": "6740805cf1bf400007469ac5",
    "time": "1732280412079000000",
    "tradeId": "5585553588893706",
    "type": "match",
    "time_data_received": "13:00:12.1766"
  },
  {
    "makerOrderId": "6740805bc65bf70007e5d455",
    "price": "0.03006",
    "sequence": "5585553588893709",
    "side": "buy",
    "size": "24760.7",
    "symbol": "MEMEFI-USDT",
    "takerOrderId": "6740805cf1bf400007469ac5",
    "time": "1732280412079000000",
    "tradeId": "5585553588893709",
    "type": "match",
    "time_data_received": "13:00:12.1768"
  },
  {
    "makerOrderId": "674080590d85530007d15d77",
    "price": "0.03007",
    "sequence": "5585553588893712",
    "side": "buy",
    "size": "178",
    "symbol": "MEMEFI-USDT",
    "takerOrderId": "6740805cf1bf400007469ac5",
    "time": "1732280412079000000",
    "tradeId": "5585553588893712",
    "type": "match",
    "time_data_received": "13:00:12.1769"
  },
  {
    "makerOrderId": "6740805bd52cb80007b03d0b",
    "price": "0.03007",
    "sequence": "5585553588893715",
    "side": "buy",
    "size": "308.1",
    "symbol": "MEMEFI-USDT",
    "takerOrderId": "6740805cf1bf400007469ac5",
    "time": "1732280412079000000",
    "tradeId": "5585553588893715",
    "type": "match",
    "time_data_received": "13:00:12.1771"
  },
  {
    "makerOrderId": "6740805cf1bf400007469ac5",
    "price": "0.032",
    "sequence": "5585553626511361",
    "side": "sell",
    "size": "7937.4",
    "symbol": "MEMEFI-USDT",
    "takerOrderId": "6740805cc5ba7400073ac81c",
    "time": "1732280412168000000",
    "tradeId": "5585553626511361",
    "type": "match",
    "time_data_received": "13:00:12.2369"
  },
  {
    "makerOrderId": "6740805cc65bf70007e5dc43",
    "price": "0.03641",
    "sequence": "5585554051971073",
    "side": "sell",
    "size": "236.7",
    "symbol": "MEMEFI-USDT",
    "takerOrderId": "6740805d0d85530007d17ecd",
    "time": "1732280413246000000",
    "tradeId": "5585554051971073",
    "type": "match",
    "time_data_received": "13:00:13.2977"
  },
  {
    "makerOrderId": "6740805c6967d30007b61448",
    "price": "0.03201",
    "sequence": "5585554119735297",
    "side": "sell",
    "size": "3124",
    "symbol": "MEMEFI-USDT",
    "takerOrderId": "6740805dae93cc00077ae3a8",
    "time": "1732280413390000000",
    "tradeId": "5585554119735297",
    "type": "match",
    "time_data_received": "13:00:13.4425"
  },
  {
    "makerOrderId": "6740805cd52cb80007b0401b",
    "price": "0.03006",
    "sequence": "5585554119735300",
    "side": "sell",
    "size": "53.4",
    "symbol": "MEMEFI-USDT",
    "takerOrderId": "6740805dae93cc00077ae3a8",
    "time": "1732280413390000000",
    "tradeId": "5585554119735300",
    "type": "match",
    "time_data_received": "13:00:13.4428"
  },
  {
    "makerOrderId": "6740805c68486d00073be932",
    "price": "0.03006",
    "sequence": "5585554119735303",
    "side": "sell",
    "size": "3125.6",
    "symbol": "MEMEFI-USDT",
    "takerOrderId": "6740805dae93cc00077ae3a8",
    "time": "1732280413390000000",
    "tradeId": "5585554119735303",
    "type": "match",
    "time_data_received": "13:00:13.4438"
  },
  {
    "makerOrderId": "6740805c4fe7460007ad36db",
    "price": "0.03006",
    "sequence": "5585554119735306",
    "side": "sell",
    "size": "2063.1",
    "symbol": "MEMEFI-USDT",
    "takerOrderId": "6740805dae93cc00077ae3a8",
    "time": "1732280413390000000",
    "tradeId": "5585554119735306",
    "type": "match",
    "time_data_received": "13:00:13.4440"
  },
  {
    "makerOrderId": "67408058ae93cc00077abe91",
    "price": "0.113",
    "sequence": "5585554152896513",
    "side": "buy",
    "size": "52.6",
    "symbol": "MEMEFI-USDT",
    "takerOrderId": "6740805df4f12000076b59c4",
    "time": "1732280413469000000",
    "tradeId": "5585554152896513",
    "type": "match",
    "time_data_received": "13:00:13.5204"
  },
  {
    "makerOrderId": "67408058ae93cc00077abe91",
    "price": "0.113",
    "sequence": "5585554265225217",
    "side": "buy",
    "size": "96.6",
    "symbol": "MEMEFI-USDT",
    "takerOrderId": "6740805dc5ba7400073ad734",
    "time": "1732280413789000000",
    "tradeId": "5585554265225217",
    "type": "match",
    "time_data_received": "13:00:13.8442"
  },
  {
    "makerOrderId": "6740805e67cdc90007fe278a",
    "price": "0.03772",
    "sequence": "5585554410584065",
    "side": "sell",
    "size": "132.5",
    "symbol": "MEMEFI-USDT",
    "takerOrderId": "6740805e31d0950007ddc6c1",
    "time": "1732280414086000000",
    "tradeId": "5585554410584065",
    "type": "match",
    "time_data_received": "13:00:14.1374"
  },
  {
    "makerOrderId": "6740805ddf6f6e0007265d66",
    "price": "0.03771",
    "sequence": "5585554410584068",
    "side": "sell",
    "size": "1338.6",
    "symbol": "MEMEFI-USDT",
    "takerOrderId": "6740805e31d0950007ddc6c1",
    "time": "1732280414086000000",
    "tradeId": "5585554410584068",
    "type": "match",
    "time_data_received": "13:00:14.1401"
  },
  {
    "makerOrderId": "6740805d0d85530007d18572",
    "price": "0.03771",
    "sequence": "5585554410584071",
    "side": "sell",
    "size": "2677.3",
    "symbol": "MEMEFI-USDT",
    "takerOrderId": "6740805e31d0950007ddc6c1",
    "time": "1732280414086000000",
    "tradeId": "5585554410584071",
    "type": "match",
    "time_data_received": "13:00:14.1409"
  },
  {
    "makerOrderId": "6740805d37061e0007f6ccaa",
    "price": "0.0377",
    "sequence": "5585554410584074",
    "side": "sell",
    "size": "1530.7",
    "symbol": "MEMEFI-USDT",
    "takerOrderId": "6740805e31d0950007ddc6c1",
    "time": "1732280414086000000",
    "tradeId": "5585554410584074",
    "type": "match",
    "time_data_received": "13:00:14.1414"
  },
  {
    "makerOrderId": "6740805edf6f6e0007265fe5",
    "price": "0.03901",
    "sequence": "5585554460915713",
    "side": "sell",
    "size": "1338.6",
    "symbol": "MEMEFI-USDT",
    "takerOrderId": "6740805ec5ba7400073adb6b",
    "time": "1732280414245000000",
    "tradeId": "5585554460915713",
    "type": "match",
    "time_data_received": "13:00:14.2937"
  },
  {
    "makerOrderId": "6740805e31d0950007ddc7e5",
    "price": "0.03901",
    "sequence": "5585554460915716",
    "side": "sell",
    "size": "88.4",
    "symbol": "MEMEFI-USDT",
    "takerOrderId": "6740805ec5ba7400073adb6b",
    "time": "1732280414245000000",
    "tradeId": "5585554460915716",
    "type": "match",
    "time_data_received": "13:00:14.2939"
  },
  {
    "makerOrderId": "6740805e31d0950007ddc7e5",
    "price": "0.03901",
    "sequence": "5585554465765377",
    "side": "sell",
    "size": "2588.9",
    "symbol": "MEMEFI-USDT",
    "takerOrderId": "6740805ef1bf40000746adf4",
    "time": "1732280414260000000",
    "tradeId": "5585554465765377",
    "type": "match",
    "time_data_received": "13:00:14.3118"
  },
  {
    "makerOrderId": "6740805e31d0950007ddc746",
    "price": "0.039",
    "sequence": "5585554465765380",
    "side": "sell",
    "size": "1031.3",
    "symbol": "MEMEFI-USDT",
    "takerOrderId": "6740805ef1bf40000746adf4",
    "time": "1732280414260000000",
    "tradeId": "5585554465765380",
    "type": "match",
    "time_data_received": "13:00:14.3121"
  },
  {
    "makerOrderId": "6740805e31d0950007ddc746",
    "price": "0.039",
    "sequence": "5585554475857921",
    "side": "sell",
    "size": "4167.4",
    "symbol": "MEMEFI-USDT",
    "takerOrderId": "6740805e4fe7460007ad4509",
    "time": "1732280414290000000",
    "tradeId": "5585554475857921",
    "type": "match",
    "time_data_received": "13:00:14.3367"
  },
  {
    "makerOrderId": "6740805ec65bf70007e5ef78",
    "price": "0.05237",
    "sequence": "5585554625411073",
    "side": "buy",
    "size": "1338.6",
    "symbol": "MEMEFI-USDT",
    "takerOrderId": "6740805e6967d30007b628ec",
    "time": "1732280414753000000",
    "tradeId": "5585554625411073",
    "type": "match",
    "time_data_received": "13:00:14.8082"
  },
  {
    "makerOrderId": "6740805e68486d00073bfd74",
    "price": "0.05238",
    "sequence": "5585554625411076",
    "side": "buy",
    "size": "89.9",
    "symbol": "MEMEFI-USDT",
    "takerOrderId": "6740805e6967d30007b628ec",
    "time": "1732280414753000000",
    "tradeId": "5585554625411076",
    "type": "match",
    "time_data_received": "13:00:14.8085"
  },
  {
    "makerOrderId": "6740805e6967d30007b627bc",
    "price": "0.04164",
    "sequence": "5585554661455873",
    "side": "sell",
    "size": "212",
    "symbol": "MEMEFI-USDT",
    "takerOrderId": "6740805ec65bf70007e5f00e",
    "time": "1732280414854000000",
    "tradeId": "5585554661455873",
    "type": "match",
    "time_data_received": "13:00:14.9064"
  },
  {
    "makerOrderId": "6740805ed52cb80007b054ba",
    "price": "0.04161",
    "sequence": "5585554661455876",
    "side": "sell",
    "size": "1338.6",
    "symbol": "MEMEFI-USDT",
    "takerOrderId": "6740805ec65bf70007e5f00e",
    "time": "1732280414854000000",
    "tradeId": "5585554661455876",
    "type": "match",
    "time_data_received": "13:00:14.9088"
  },
  {
    "makerOrderId": "6740805ec5ba7400073adc8b",
    "price": "0.0416",
    "sequence": "5585554661455879",
    "side": "sell",
    "size": "12019.2",
    "symbol": "MEMEFI-USDT",
    "takerOrderId": "6740805ec65bf70007e5f00e",
    "time": "1732280414854000000",
    "tradeId": "5585554661455879",
    "type": "match",
    "time_data_received": "13:00:14.9092"
  },
  {
    "makerOrderId": "6740805eae93cc00077aeb0c",
    "price": "0.0403",
    "sequence": "5585554661455882",
    "side": "sell",
    "size": "12406.9",
    "symbol": "MEMEFI-USDT",
    "takerOrderId": "6740805ec65bf70007e5f00e",
    "time": "1732280414854000000",
    "tradeId": "5585554661455882",
    "type": "match",
    "time_data_received": "13:00:14.9094"
  },
  {
    "makerOrderId": "6740805e31d0950007ddc746",
    "price": "0.039",
    "sequence": "5585554661455885",
    "side": "sell",
    "size": "1607.6",
    "symbol": "MEMEFI-USDT",
    "takerOrderId": "6740805ec65bf70007e5f00e",
    "time": "1732280414854000000",
    "tradeId": "5585554661455885",
    "type": "match",
    "time_data_received": "13:00:14.9104"
  },
  {
    "makerOrderId": "6740805ed52cb80007b0560e",
    "price": "0.03465",
    "sequence": "5585554829621251",
    "side": "sell",
    "size": "4329",
    "symbol": "MEMEFI-USDT",
    "takerOrderId": "6740805f68486d00073c020b",
    "time": "1732280415221000000",
    "tradeId": "5585554829621251",
    "type": "match",
    "time_data_received": "13:00:15.2900"
  },
  {
    "makerOrderId": "6740805f088f0100075aee79",
    "price": "0.052",
    "sequence": "5585554936707073",
    "side": "sell",
    "size": "3026.5",
    "symbol": "MEMEFI-USDT",
    "takerOrderId": "6740805ff4a7c500074cec7d",
    "time": "1732280415449000000",
    "tradeId": "5585554936707073",
    "type": "match",
    "time_data_received": "13:00:15.4969"
  },
  {
    "makerOrderId": "6740805fae93cc00077af613",
    "price": "0.05232",
    "sequence": "5585554968426497",
    "side": "buy",
    "size": "105.6",
    "symbol": "MEMEFI-USDT",
    "takerOrderId": "6740805ff15b2700075345c5",
    "time": "1732280415530000000",
    "tradeId": "5585554968426497",
    "type": "match",
    "time_data_received": "13:00:15.5848"
  },
  {
    "makerOrderId": "6740805f37061e0007f6da7b",
    "price": "0.05236",
    "sequence": "5585554968426500",
    "side": "buy",
    "size": "1338.6",
    "symbol": "MEMEFI-USDT",
    "takerOrderId": "6740805ff15b2700075345c5",
    "time": "1732280415530000000",
    "tradeId": "5585554968426500",
    "type": "match",
    "time_data_received": "13:00:15.5860"
  },
  {
    "makerOrderId": "6740805f1586c10007512893",
    "price": "0.05237",
    "sequence": "5585554968426503",
    "side": "buy",
    "size": "1338.6",
    "symbol": "MEMEFI-USDT",
    "takerOrderId": "6740805ff15b2700075345c5",
    "time": "1732280415530000000",
    "tradeId": "5585554968426503",
    "type": "match",
    "time_data_received": "13:00:15.5863"
  },
  {
    "makerOrderId": "6740805e68486d00073bfd74",
    "price": "0.05238",
    "sequence": "5585554968426506",
    "side": "buy",
    "size": "3034.1",
    "symbol": "MEMEFI-USDT",
    "takerOrderId": "6740805ff15b2700075345c5",
    "time": "1732280415530000000",
    "tradeId": "5585554968426506",
    "type": "match",
    "time_data_received": "13:00:15.5865"
  },
  {
    "makerOrderId": "6740805e4fe7460007ad49cc",
    "price": "0.05238",
    "sequence": "5585554968426509",
    "side": "buy",
    "size": "236.7",
    "symbol": "MEMEFI-USDT",
    "takerOrderId": "6740805ff15b2700075345c5",
    "time": "1732280415530000000",
    "tradeId": "5585554968426509",
    "type": "match",
    "time_data_received": "13:00:15.5866"
  },
  {
    "makerOrderId": "6740805e67cdc90007fe2db3",
    "price": "0.05238",
    "sequence": "5585554968426512",
    "side": "buy",
    "size": "111",
    "symbol": "MEMEFI-USDT",
    "takerOrderId": "6740805ff15b2700075345c5",
    "time": "1732280415530000000",
    "tradeId": "5585554968426512",
    "type": "match",
    "time_data_received": "13:00:15.5876"
  },
  {
    "makerOrderId": "6740805fae93cc00077af7e0",
    "price": "0.05461",
    "sequence": "5585555162281985",
    "side": "sell",
    "size": "212.6",
    "symbol": "MEMEFI-USDT",
    "takerOrderId": "6740805fd52cb80007b0625f",
    "time": "1732280416001000000",
    "tradeId": "5585555162281985",
    "type": "match",
    "time_data_received": "13:00:16.0535"
  },
  {
    "makerOrderId": "6740805fb7e21a000716dcf5",
    "price": "0.05461",
    "sequence": "5585555162281988",
    "side": "sell",
    "size": "143.6",
    "symbol": "MEMEFI-USDT",
    "takerOrderId": "6740805fd52cb80007b0625f",
    "time": "1732280416001000000",
    "tradeId": "5585555162281988",
    "type": "match",
    "time_data_received": "13:00:16.0547"
  },
  {
    "makerOrderId": "6740805ff15b2700075345c5",
    "price": "0.0546",
    "sequence": "5585555162281991",
    "side": "sell",
    "size": "2992.9",
    "symbol": "MEMEFI-USDT",
    "takerOrderId": "6740805fd52cb80007b0625f",
    "time": "1732280416001000000",
    "tradeId": "5585555162281991",
    "type": "match",
    "time_data_received": "13:00:16.0549"
  },
  {
    "makerOrderId": "6740805f088f0100075aee79",
    "price": "0.052",
    "sequence": "5585555162281994",
    "side": "sell",
    "size": "6588.8",
    "symbol": "MEMEFI-USDT",
    "takerOrderId": "6740805fd52cb80007b0625f",
    "time": "1732280416001000000",
    "tradeId": "5585555162281994",
    "type": "match",
    "time_data_received": "13:00:16.0550"
  },
  {
    "makerOrderId": "6740805f4fe7460007ad4d54",
    "price": "0.0494",
    "sequence": "5585555162281997",
    "side": "sell",
    "size": "9796.5",
    "symbol": "MEMEFI-USDT",
    "takerOrderId": "6740805fd52cb80007b0625f",
    "time": "1732280416001000000",
    "tradeId": "5585555162281997",
    "type": "match",
    "time_data_received": "13:00:16.0553"
  },
  {
    "makerOrderId": "67408060d52cb80007b0670a",
    "price": "0.09099",
    "sequence": "5585555440416769",
    "side": "buy",
    "size": "44.1",
    "symbol": "MEMEFI-USDT",
    "takerOrderId": "67408060088f0100075af933",
    "time": "1732280416822000000",
    "tradeId": "5585555440416769",
    "type": "match",
    "time_data_received": "13:00:16.8832"
  },
  {
    "makerOrderId": "67408060f4a7c500074cf5d1",
    "price": "0.08752",
    "sequence": "5585555494942721",
    "side": "sell",
    "size": "115.5",
    "symbol": "MEMEFI-USDT",
    "takerOrderId": "674080600d85530007d19d12",
    "time": "1732280416933000000",
    "tradeId": "5585555494942721",
    "type": "match",
    "time_data_received": "13:00:16.9845"
  },
  {
    "makerOrderId": "6740805f68486d00073c095c",
    "price": "0.0875",
    "sequence": "5585555494942724",
    "side": "sell",
    "size": "908.9",
    "symbol": "MEMEFI-USDT",
    "takerOrderId": "674080600d85530007d19d12",
    "time": "1732280416933000000",
    "tradeId": "5585555494942724",
    "type": "match",
    "time_data_received": "13:00:16.9848"
  },
  {
    "makerOrderId": "67408060c5ba7400073aeb2c",
    "price": "0.04006",
    "sequence": "5585555510016001",
    "side": "sell",
    "size": "237.9",
    "symbol": "MEMEFI-USDT",
    "takerOrderId": "67408060c65bf70007e6021b",
    "time": "1732280416967000000",
    "tradeId": "5585555510016001",
    "type": "match",
    "time_data_received": "13:00:17.0178"
  },
  {
    "makerOrderId": "67408060df6f6e000726729c",
    "price": "0.0378",
    "sequence": "5585555510016004",
    "side": "sell",
    "size": "2116.4",
    "symbol": "MEMEFI-USDT",
    "takerOrderId": "67408060c65bf70007e6021b",
    "time": "1732280416967000000",
    "tradeId": "5585555510016004",
    "type": "match",
    "time_data_received": "13:00:17.0180"
  },
  {
    "makerOrderId": "6740805f68486d00073c0379",
    "price": "0.03641",
    "sequence": "5585555510016007",
    "side": "sell",
    "size": "921.8",
    "symbol": "MEMEFI-USDT",
    "takerOrderId": "67408060c65bf70007e6021b",
    "time": "1732280416967000000",
    "tradeId": "5585555510016007",
    "type": "match",
    "time_data_received": "13:00:17.0182"
  },
  {
    "makerOrderId": "6740805ff4a7c500074ceb16",
    "price": "0.03022",
    "sequence": "5585555521026049",
    "side": "sell",
    "size": "681.7",
    "symbol": "MEMEFI-USDT",
    "takerOrderId": "674080604fe7460007ad5b98",
    "time": "1732280416995000000",
    "tradeId": "5585555521026049",
    "type": "match",
    "time_data_received": "13:00:17.0456"
  },
  {
    "makerOrderId": "6740805c4fe7460007ad36db",
    "price": "0.03006",
    "sequence": "5585555521026052",
    "side": "sell",
    "size": "1294.1",
    "symbol": "MEMEFI-USDT",
    "takerOrderId": "674080604fe7460007ad5b98",
    "time": "1732280416995000000",
    "tradeId": "5585555521026052",
    "type": "match",
    "time_data_received": "13:00:17.0463"
  },
  {
    "makerOrderId": "67408060c65bf70007e600bb",
    "price": "0.09099",
    "sequence": "5585555524696065",
    "side": "buy",
    "size": "66.5",
    "symbol": "MEMEFI-USDT",
    "takerOrderId": "6740806031d0950007ddde81",
    "time": "1732280417000000000",
    "tradeId": "5585555524696065",
    "type": "match",
    "time_data_received": "13:00:17.0511"
  },
  {
    "makerOrderId": "674080604fe7460007ad5b27",
    "price": "0.09099",
    "sequence": "5585555524696068",
    "side": "buy",
    "size": "328.2",
    "symbol": "MEMEFI-USDT",
    "takerOrderId": "6740806031d0950007ddde81",
    "time": "1732280417000000000",
    "tradeId": "5585555524696068",
    "type": "match",
    "time_data_received": "13:00:17.0528"
  },
  {
    "makerOrderId": "67408061f4a7c500074cf8aa",
    "price": "0.0448",
    "sequence": "5585555659175937",
    "side": "buy",
    "size": "340.9",
    "symbol": "MEMEFI-USDT",
    "takerOrderId": "67408061f1bf40000746c7ac",
    "time": "1732280417297000000",
    "tradeId": "5585555659175937",
    "type": "match",
    "time_data_received": "13:00:17.3486"
  },
  {
    "makerOrderId": "67408061ae93cc00077b01b7",
    "price": "0.0448",
    "sequence": "5585555659175940",
    "side": "buy",
    "size": "340.8",
    "symbol": "MEMEFI-USDT",
    "takerOrderId": "67408061f1bf40000746c7ac",
    "time": "1732280417297000000",
    "tradeId": "5585555659175940",
    "type": "match",
    "time_data_received": "13:00:17.3489"
  },
  {
    "makerOrderId": "67408061f1bf40000746c7ac",
    "price": "0.0493",
    "sequence": "5585555676346369",
    "side": "sell",
    "size": "3375",
    "symbol": "MEMEFI-USDT",
    "takerOrderId": "67408061c5ba7400073af569",
    "time": "1732280417328000000",
    "tradeId": "5585555676346369",
    "type": "match",
    "time_data_received": "13:00:17.3760"
  },
  {
    "makerOrderId": "67408061c5ba7400073af580",
    "price": "0.0448",
    "sequence": "5585555676346372",
    "side": "sell",
    "size": "1785.7",
    "symbol": "MEMEFI-USDT",
    "takerOrderId": "67408061c5ba7400073af569",
    "time": "1732280417328000000",
    "tradeId": "5585555676346372",
    "type": "match",
    "time_data_received": "13:00:17.3765"
  },
  {
    "makerOrderId": "6740806131d0950007dde3bf",
    "price": "0.049",
    "sequence": "5585555976370177",
    "side": "sell",
    "size": "1632.6",
    "symbol": "MEMEFI-USDT",
    "takerOrderId": "674080614fe7460007ad65ac",
    "time": "1732280417990000000",
    "tradeId": "5585555976370177",
    "type": "match",
    "time_data_received": "13:00:18.0652"
  },
  {
    "makerOrderId": "67408061d52cb80007b06e0a",
    "price": "0.04388",
    "sequence": "5585556155807745",
    "side": "sell",
    "size": "469.5",
    "symbol": "MEMEFI-USDT",
    "takerOrderId": "67408062cf286a0007f1d0b2",
    "time": "1732280418351000000",
    "tradeId": "5585556155807745",
    "type": "match",
    "time_data_received": "13:00:18.4010"
  },
  {
    "makerOrderId": "67408061f4f12000076b7855",
    "price": "0.04365",
    "sequence": "5585556155807748",
    "side": "sell",
    "size": "2290",
    "symbol": "MEMEFI-USDT",
    "takerOrderId": "67408062cf286a0007f1d0b2",
    "time": "1732280418351000000",
    "tradeId": "5585556155807748",
    "type": "match",
    "time_data_received": "13:00:18.4013"
  },
  {
    "makerOrderId": "67408061d52cb80007b069d5",
    "price": "0.042",
    "sequence": "5585556155807751",
    "side": "sell",
    "size": "1904.7",
    "symbol": "MEMEFI-USDT",
    "takerOrderId": "67408062cf286a0007f1d0b2",
    "time": "1732280418351000000",
    "tradeId": "5585556155807751",
    "type": "match",
    "time_data_received": "13:00:18.4024"
  },
  {
    "makerOrderId": "674080611586c100075135d8",
    "price": "0.0403",
    "sequence": "5585556155807754",
    "side": "sell",
    "size": "10",
    "symbol": "MEMEFI-USDT",
    "takerOrderId": "67408062cf286a0007f1d0b2",
    "time": "1732280418351000000",
    "tradeId": "5585556155807754",
    "type": "match",
    "time_data_received": "13:00:18.4026"
  },
  {
    "makerOrderId": "6740805c4fe7460007ad36db",
    "price": "0.03006",
    "sequence": "5585556220426241",
    "side": "sell",
    "size": "417.2",
    "symbol": "MEMEFI-USDT",
    "takerOrderId": "6740806267cdc90007fe4d71",
    "time": "1732280418474000000",
    "tradeId": "5585556220426241",
    "type": "match",
    "time_data_received": "13:00:18.5311"
  },
  {
    "makerOrderId": "6740805ccf286a0007f1a0b6",
    "price": "0.03006",
    "sequence": "5585556220426244",
    "side": "sell",
    "size": "446.2",
    "symbol": "MEMEFI-USDT",
    "takerOrderId": "6740806267cdc90007fe4d71",
    "time": "1732280418474000000",
    "tradeId": "5585556220426244",
    "type": "match",
    "time_data_received": "13:00:18.5318"
  },
  {
    "makerOrderId": "6740805d6967d30007b61af2",
    "price": "0.03006",
    "sequence": "5585556220426247",
    "side": "sell",
    "size": "545.2",
    "symbol": "MEMEFI-USDT",
    "takerOrderId": "6740806267cdc90007fe4d71",
    "time": "1732280418474000000",
    "tradeId": "5585556220426247",
    "type": "match",
    "time_data_received": "13:00:18.5322"
  },
  {
    "makerOrderId": "6740805ef1bf40000746ac80",
    "price": "0.03006",
    "sequence": "5585556220426250",
    "side": "sell",
    "size": "3588.1",
    "symbol": "MEMEFI-USDT",
    "takerOrderId": "6740806267cdc90007fe4d71",
    "time": "1732280418474000000",
    "tradeId": "5585556220426250",
    "type": "match",
    "time_data_received": "13:00:18.5324"
  },
  {
    "makerOrderId": "6740805ef1bf40000746ac80",
    "price": "0.03006",
    "sequence": "5585556220557313",
    "side": "sell",
    "size": "5036.3",
    "symbol": "MEMEFI-USDT",
    "takerOrderId": "67408062088f0100075b0944",
    "time": "1732280418474000000",
    "tradeId": "5585556220557313",
    "type": "match",
    "time_data_received": "13:00:18.5326"
  },
  {
    "makerOrderId": "6740805ef1bf40000746ac80",
    "price": "0.03006",
    "sequence": "5585556220950529",
    "side": "sell",
    "size": "5051.4",
    "symbol": "MEMEFI-USDT",
    "takerOrderId": "67408062f4a7c500074d0732",
    "time": "1732280418475000000",
    "tradeId": "5585556220950529",
    "type": "match",
    "time_data_received": "13:00:18.5334"
  },
  {
    "makerOrderId": "6740805ef1bf40000746ac80",
    "price": "0.03006",
    "sequence": "5585556221081601",
    "side": "sell",
    "size": "28347.6",
    "symbol": "MEMEFI-USDT",
    "takerOrderId": "6740806268486d00073c1f3c",
    "time": "1732280418475000000",
    "tradeId": "5585556221081601",
    "type": "match",
    "time_data_received": "13:00:18.5335"
  },
  {
    "makerOrderId": "6740805fb7e21a000716ddd4",
    "price": "0.03006",
    "sequence": "5585556221081604",
    "side": "sell",
    "size": "345.4",
    "symbol": "MEMEFI-USDT",
    "takerOrderId": "6740806268486d00073c1f3c",
    "time": "1732280418475000000",
    "tradeId": "5585556221081604",
    "type": "match",
    "time_data_received": "13:00:18.5337"
  },
  {
    "makerOrderId": "6740805fdf6f6e0007266e90",
    "price": "0.03006",
    "sequence": "5585556221081607",
    "side": "sell",
    "size": "698.6",
    "symbol": "MEMEFI-USDT",
    "takerOrderId": "6740806268486d00073c1f3c",
    "time": "1732280418475000000",
    "tradeId": "5585556221081607",
    "type": "match",
    "time_data_received": "13:00:18.5339"
  },
  {
    "makerOrderId": "67408060c5ba7400073aec61",
    "price": "0.03006",
    "sequence": "5585556221081610",
    "side": "sell",
    "size": "1988.2",
    "symbol": "MEMEFI-USDT",
    "takerOrderId": "6740806268486d00073c1f3c",
    "time": "1732280418475000000",
    "tradeId": "5585556221081610",
    "type": "match",
    "time_data_received": "13:00:18.5347"
  },
  {
    "makerOrderId": "67408060f4f12000076b72f0",
    "price": "0.03006",
    "sequence": "5585556221081613",
    "side": "sell",
    "size": "491.9",
    "symbol": "MEMEFI-USDT",
    "takerOrderId": "6740806268486d00073c1f3c",
    "time": "1732280418475000000",
    "tradeId": "5585556221081613",
    "type": "match",
    "time_data_received": "13:00:18.5349"
  },
  {
    "makerOrderId": "67408060088f0100075af5fb",
    "price": "0.03006",
    "sequence": "5585556221081616",
    "side": "sell",
    "size": "1748.8",
    "symbol": "MEMEFI-USDT",
    "takerOrderId": "6740806268486d00073c1f3c",
    "time": "1732280418475000000",
    "tradeId": "5585556221081616",
    "type": "match",
    "time_data_received": "13:00:18.5351"
  },
  {
    "makerOrderId": "674080604fe7460007ad58e9",
    "price": "0.03006",
    "sequence": "5585556221081619",
    "side": "sell",
    "size": "631.7",
    "symbol": "MEMEFI-USDT",
    "takerOrderId": "6740806268486d00073c1f3c",
    "time": "1732280418475000000",
    "tradeId": "5585556221081619",
    "type": "match",
    "time_data_received": "13:00:18.5354"
  },
  {
    "makerOrderId": "67408061f4f12000076b7d0a",
    "price": "0.03006",
    "sequence": "5585556221081622",
    "side": "sell",
    "size": "103.7",
    "symbol": "MEMEFI-USDT",
    "takerOrderId": "6740806268486d00073c1f3c",
    "time": "1732280418475000000",
    "tradeId": "5585556221081622",
    "type": "match",
    "time_data_received": "13:00:18.5361"
  },
  {
    "makerOrderId": "6740805fb7e21a000716db98",
    "price": "0.03",
    "sequence": "5585556221081625",
    "side": "sell",
    "size": "261.6",
    "symbol": "MEMEFI-USDT",
    "takerOrderId": "6740806268486d00073c1f3c",
    "time": "1732280418475000000",
    "tradeId": "5585556221081625",
    "type": "match",
    "time_data_received": "13:00:18.5363"
  },
  {
    "makerOrderId": "6740805e4fe7460007ad46d2",
    "price": "0.02003",
    "sequence": "5585556221212673",
    "side": "sell",
    "size": "5011.5",
    "symbol": "MEMEFI-USDT",
    "takerOrderId": "67408062c5ba7400073b0049",
    "time": "1732280418475000000",
    "tradeId": "5585556221212673",
    "type": "match",
    "time_data_received": "13:00:18.5365"
  },
  {
    "makerOrderId": "6740805e4fe7460007ad46d2",
    "price": "0.02003",
    "sequence": "5585556229601281",
    "side": "sell",
    "size": "5051.4",
    "symbol": "MEMEFI-USDT",
    "takerOrderId": "67408062df6f6e0007268599",
    "time": "1732280418488000000",
    "tradeId": "5585556229601281",
    "type": "match",
    "time_data_received": "13:00:18.5383"
  },
  {
    "makerOrderId": "6740805e4fe7460007ad46d2",
    "price": "0.02003",
    "sequence": "5585556229732353",
    "side": "sell",
    "size": "43203.6",
    "symbol": "MEMEFI-USDT",
    "takerOrderId": "67408062df6f6e000726859c",
    "time": "1732280418488000000",
    "tradeId": "5585556229732353",
    "type": "match",
    "time_data_received": "13:00:18.5389"
  },
  {
    "makerOrderId": "6740805e4fe7460007ad46d2",
    "price": "0.02003",
    "sequence": "5585556231436289",
    "side": "sell",
    "size": "5036.3",
    "symbol": "MEMEFI-USDT",
    "takerOrderId": "67408062d52cb80007b0786d",
    "time": "1732280418490000000",
    "tradeId": "5585556231436289",
    "type": "match",
    "time_data_received": "13:00:18.5393"
  },
  {
    "makerOrderId": "67408063f4f12000076b9018",
    "price": "0.02004",
    "sequence": "5585556711290881",
    "side": "buy",
    "size": "992",
    "symbol": "MEMEFI-USDT",
    "takerOrderId": "67408063c5ba7400073b0a1b",
    "time": "1732280419313000000",
    "tradeId": "5585556711290881",
    "type": "match",
    "time_data_received": "13:00:19.3726"
  },
  {
    "makerOrderId": "67408063f4f12000076b9018",
    "price": "0.02004",
    "sequence": "5585556735539201",
    "side": "buy",
    "size": "798.4",
    "symbol": "MEMEFI-USDT",
    "takerOrderId": "67408063f15b2700075369c0",
    "time": "1732280419373000000",
    "tradeId": "5585556735539201",
    "type": "match",
    "time_data_received": "13:00:19.4206"
  },
  {
    "makerOrderId": "67408063f4f12000076b9018",
    "price": "0.02004",
    "sequence": "5585556742879233",
    "side": "buy",
    "size": "678.6",
    "symbol": "MEMEFI-USDT",
    "takerOrderId": "67408063ae93cc00077b1a57",
    "time": "1732280419388000000",
    "tradeId": "5585556742879233",
    "type": "match",
    "time_data_received": "13:00:19.4425"
  },
  {
    "makerOrderId": "674080636967d30007b65500",
    "price": "0.02004",
    "sequence": "5585556771190785",
    "side": "buy",
    "size": "208.4",
    "symbol": "MEMEFI-USDT",
    "takerOrderId": "67408063c65bf70007e61c4e",
    "time": "1732280419456000000",
    "tradeId": "5585556771190785",
    "type": "match",
    "time_data_received": "13:00:19.5043"
  },
  {
    "makerOrderId": "6740805e4fe7460007ad46d2",
    "price": "0.02003",
    "sequence": "5585556773156865",
    "side": "sell",
    "size": "2803.5",
    "symbol": "MEMEFI-USDT",
    "takerOrderId": "67408063ae93cc00077b1b19",
    "time": "1732280419462000000",
    "tradeId": "5585556773156865",
    "type": "match",
    "time_data_received": "13:00:19.5125"
  },
  {
    "makerOrderId": "67408050ae93cc00077a6fcd",
    "price": "0.02",
    "sequence": "5585556773156868",
    "side": "sell",
    "size": "2202.2",
    "symbol": "MEMEFI-USDT",
    "takerOrderId": "67408063ae93cc00077b1b19",
    "time": "1732280419462000000",
    "tradeId": "5585556773156868",
    "type": "match",
    "time_data_received": "13:00:19.5127"
  },
  {
    "makerOrderId": "6740806367cdc90007fe58d8",
    "price": "0.02558",
    "sequence": "5585556864645121",
    "side": "buy",
    "size": "61.4",
    "symbol": "MEMEFI-USDT",
    "takerOrderId": "67408063f4a7c500074d13e4",
    "time": "1732280419686000000",
    "tradeId": "5585556864645121",
    "type": "match",
    "time_data_received": "13:00:19.7354"
  },
  {
    "makerOrderId": "67408050ae93cc00077a6fcd",
    "price": "0.02",
    "sequence": "5585556921792513",
    "side": "sell",
    "size": "110.5",
    "symbol": "MEMEFI-USDT",
    "takerOrderId": "6740806368486d00073c2d69",
    "time": "1732280419783000000",
    "tradeId": "5585556921792513",
    "type": "match",
    "time_data_received": "13:00:19.8348"
  },
  {
    "makerOrderId": "6740806368486d00073c2d9c",
    "price": "0.02559",
    "sequence": "5585557245802497",
    "side": "buy",
    "size": "45.7",
    "symbol": "MEMEFI-USDT",
    "takerOrderId": "67408064df6f6e0007269c1a",
    "time": "1732280420275000000",
    "tradeId": "5585557245802497",
    "type": "match",
    "time_data_received": "13:00:20.6843"
  },
  {
    "makerOrderId": "6740806367cdc90007fe5e86",
    "price": "0.02101",
    "sequence": "5585557590652929",
    "side": "sell",
    "size": "268.4",
    "symbol": "MEMEFI-USDT",
    "takerOrderId": "674080644fe7460007ad881d",
    "time": "1732280420850000000",
    "tradeId": "5585557590652929",
    "type": "match",
    "time_data_received": "13:00:20.9242"
  },
  {
    "makerOrderId": "674080646967d30007b65f39",
    "price": "0.021",
    "sequence": "5585557590652932",
    "side": "sell",
    "size": "1023.2",
    "symbol": "MEMEFI-USDT",
    "takerOrderId": "674080644fe7460007ad881d",
    "time": "1732280420850000000",
    "tradeId": "5585557590652932",
    "type": "match",
    "time_data_received": "13:00:20.9245"
  },
  {
    "makerOrderId": "67408050ae93cc00077a6fcd",
    "price": "0.02",
    "sequence": "5585558255843329",
    "side": "sell",
    "size": "1399.3",
    "symbol": "MEMEFI-USDT",
    "takerOrderId": "6740806637061e0007f72188",
    "time": "1732280422107000000",
    "tradeId": "5585558255843329",
    "type": "match",
    "time_data_received": "13:00:22.1557"
  },
  {
    "makerOrderId": "67408050ae93cc00077a6fcd",
    "price": "0.02",
    "sequence": "5585558518380545",
    "side": "sell",
    "size": "7579",
    "symbol": "MEMEFI-USDT",
    "takerOrderId": "6740806637061e0007f7272e",
    "time": "1732280422563000000",
    "tradeId": "5585558518380545",
    "type": "match",
    "time_data_received": "13:00:22.6449"
  },
  {
    "makerOrderId": "67408050f1bf400007463462",
    "price": "0.02",
    "sequence": "5585558518380548",
    "side": "sell",
    "size": "1000",
    "symbol": "MEMEFI-USDT",
    "takerOrderId": "6740806637061e0007f7272e",
    "time": "1732280422563000000",
    "tradeId": "5585558518380548",
    "type": "match",
    "time_data_received": "13:00:22.6456"
  },
  {
    "makerOrderId": "67408066df6f6e000726b57b",
    "price": "0.02",
    "sequence": "5585558518380551",
    "side": "sell",
    "size": "1051.5",
    "symbol": "MEMEFI-USDT",
    "takerOrderId": "6740806637061e0007f7272e",
    "time": "1732280422563000000",
    "tradeId": "5585558518380551",
    "type": "match",
    "time_data_received": "13:00:22.6457"
  },
  {
    "makerOrderId": "67408064c65bf70007e62e78",
    "price": "0.03",
    "sequence": "5585558527162369",
    "side": "buy",
    "size": "55.5",
    "symbol": "MEMEFI-USDT",
    "takerOrderId": "6740806631d0950007de1f02",
    "time": "1732280422580000000",
    "tradeId": "5585558527162369",
    "type": "match",
    "time_data_received": "13:00:22.6459"
  },
  {
    "makerOrderId": "67408064ae93cc00077b2491",
    "price": "0.03005",
    "sequence": "5585558527162372",
    "side": "buy",
    "size": "1047.1",
    "symbol": "MEMEFI-USDT",
    "takerOrderId": "6740806631d0950007de1f02",
    "time": "1732280422580000000",
    "tradeId": "5585558527162372",
    "type": "match",
    "time_data_received": "13:00:22.6462"
  },
  {
    "makerOrderId": "67408067088f0100075b3f79",
    "price": "0.01999",
    "sequence": "5585558858381313",
    "side": "buy",
    "size": "1585.7",
    "symbol": "MEMEFI-USDT",
    "takerOrderId": "67408067b7e21a0007172e25",
    "time": "1732280423257000000",
    "tradeId": "5585558858381313",
    "type": "match",
    "time_data_received": "13:00:23.3562"
  },
  {
    "makerOrderId": "67408067f1bf400007470af9",
    "price": "0.01999",
    "sequence": "5585558858381316",
    "side": "buy",
    "size": "245.4",
    "symbol": "MEMEFI-USDT",
    "takerOrderId": "67408067b7e21a0007172e25",
    "time": "1732280423257000000",
    "tradeId": "5585558858381316",
    "type": "match",
    "time_data_received": "13:00:23.3566"
  },
  {
    "makerOrderId": "674080676967d30007b683fb",
    "price": "0.01751",
    "sequence": "5585559083956225",
    "side": "sell",
    "size": "287.6",
    "symbol": "MEMEFI-USDT",
    "takerOrderId": "67408067ae93cc00077b4c2f",
    "time": "1732280423848000000",
    "tradeId": "5585559083956225",
    "type": "match",
    "time_data_received": "13:00:23.8973"
  },
  {
    "makerOrderId": "674080500d85530007d114d9",
    "price": "0.0175",
    "sequence": "5585559083956228",
    "side": "sell",
    "size": "500",
    "symbol": "MEMEFI-USDT",
    "takerOrderId": "67408067ae93cc00077b4c2f",
    "time": "1732280423848000000",
    "tradeId": "5585559083956228",
    "type": "match",
    "time_data_received": "13:00:23.8984"
  },
  {
    "makerOrderId": "6740805037061e0007f65527",
    "price": "0.016",
    "sequence": "5585559083956231",
    "side": "sell",
    "size": "2384.2",
    "symbol": "MEMEFI-USDT",
    "takerOrderId": "67408067ae93cc00077b4c2f",
    "time": "1732280423848000000",
    "tradeId": "5585559083956231",
    "type": "match",
    "time_data_received": "13:00:23.8987"
  },
  {
    "makerOrderId": "67408067f1bf400007470eac",
    "price": "0.01992",
    "sequence": "5585559661852673",
    "side": "buy",
    "size": "56",
    "symbol": "MEMEFI-USDT",
    "takerOrderId": "67408069cf286a0007f219c3",
    "time": "1732280425024000000",
    "tradeId": "5585559661852673",
    "type": "match",
    "time_data_received": "13:00:25.0953"
  },
  {
    "makerOrderId": "6740806731d0950007de29c3",
    "price": "0.01999",
    "sequence": "5585559661852676",
    "side": "buy",
    "size": "506.5",
    "symbol": "MEMEFI-USDT",
    "takerOrderId": "67408069cf286a0007f219c3",
    "time": "1732280425024000000",
    "tradeId": "5585559661852676",
    "type": "match",
    "time_data_received": "13:00:25.0959"
  },
  {
    "makerOrderId": "6740805037061e0007f65527",
    "price": "0.016",
    "sequence": "5585559696324609",
    "side": "sell",
    "size": "615.8",
    "symbol": "MEMEFI-USDT",
    "takerOrderId": "6740806931d0950007de36c1",
    "time": "1732280425121000000",
    "tradeId": "5585559696324609",
    "type": "match",
    "time_data_received": "13:00:25.2062"
  },
  {
    "makerOrderId": "67408050f15b27000752bf6d",
    "price": "0.01524",
    "sequence": "5585559696324612",
    "side": "sell",
    "size": "500",
    "symbol": "MEMEFI-USDT",
    "takerOrderId": "6740806931d0950007de36c1",
    "time": "1732280425121000000",
    "tradeId": "5585559696324612",
    "type": "match",
    "time_data_received": "13:00:25.2065"
  },
  {
    "makerOrderId": "6740805037061e0007f654a1",
    "price": "0.015",
    "sequence": "5585559696324615",
    "side": "sell",
    "size": "1500",
    "symbol": "MEMEFI-USDT",
    "takerOrderId": "6740806931d0950007de36c1",
    "time": "1732280425121000000",
    "tradeId": "5585559696324615",
    "type": "match",
    "time_data_received": "13:00:25.2072"
  },
  {
    "makerOrderId": "67408069088f0100075b53cc",
    "price": "0.01499",
    "sequence": "5585559803148289",
    "side": "buy",
    "size": "1734.8",
    "symbol": "MEMEFI-USDT",
    "takerOrderId": "67408069f15b27000753ab3e",
    "time": "1732280425383000000",
    "tradeId": "5585559803148289",
    "type": "match",
    "time_data_received": "13:00:25.4336"
  },
  {
    "makerOrderId": "6740806931d0950007de36c1",
    "price": "0.015",
    "sequence": "5585559803148292",
    "side": "buy",
    "size": "481.1",
    "symbol": "MEMEFI-USDT",
    "takerOrderId": "67408069f15b27000753ab3e",
    "time": "1732280425383000000",
    "tradeId": "5585559803148292",
    "type": "match",
    "time_data_received": "13:00:25.4338"
  },
  {
    "makerOrderId": "67408069088f0100075b5295",
    "price": "0.015",
    "sequence": "5585559803148295",
    "side": "buy",
    "size": "2828.1",
    "symbol": "MEMEFI-USDT",
    "takerOrderId": "67408069f15b27000753ab3e",
    "time": "1732280425383000000",
    "tradeId": "5585559803148295",
    "type": "match",
    "time_data_received": "13:00:25.4342"
  },
  {
    "makerOrderId": "674080660d85530007d1e1fa",
    "price": "0.02",
    "sequence": "5585559813765121",
    "side": "buy",
    "size": "4590.7",
    "symbol": "MEMEFI-USDT",
    "takerOrderId": "67408069ae93cc00077b5bda",
    "time": "1732280425408000000",
    "tradeId": "5585559813765121",
    "type": "match",
    "time_data_received": "13:00:25.4618"
  },
  {
    "makerOrderId": "67408069088f0100075b5538",
    "price": "0.01499",
    "sequence": "5585559844829185",
    "side": "buy",
    "size": "314.8",
    "symbol": "MEMEFI-USDT",
    "takerOrderId": "67408069f15b27000753ac43",
    "time": "1732280425509000000",
    "tradeId": "5585559844829185",
    "type": "match",
    "time_data_received": "13:00:25.5553"
  },
  {
    "makerOrderId": "674080660d85530007d1e1fa",
    "price": "0.02",
    "sequence": "5585560047728641",
    "side": "buy",
    "size": "517.6",
    "symbol": "MEMEFI-USDT",
    "takerOrderId": "6740806ac5ba7400073b518b",
    "time": "1732280426055000000",
    "tradeId": "5585560047728641",
    "type": "match",
    "time_data_received": "13:00:26.1091"
  },
  {
    "makerOrderId": "6740806bc5ba7400073b583f",
    "price": "0.01999",
    "sequence": "5585560444221441",
    "side": "sell",
    "size": "1157.9",
    "symbol": "MEMEFI-USDT",
    "takerOrderId": "6740806bdf6f6e000726ddb0",
    "time": "1732280427096000000",
    "tradeId": "5585560444221441",
    "type": "match",
    "time_data_received": "13:00:27.2446"
  },
  {
    "makerOrderId": "674080660d85530007d1e1fa",
    "price": "0.02",
    "sequence": "5585560796411905",
    "side": "buy",
    "size": "5738.8",
    "symbol": "MEMEFI-USDT",
    "takerOrderId": "6740806b67cdc90007feabe8",
    "time": "1732280427956000000",
    "tradeId": "5585560796411905",
    "type": "match",
    "time_data_received": "13:00:28.0029"
  },
  {
    "makerOrderId": "6740806767cdc90007fe88e8",
    "price": "0.02",
    "sequence": "5585560796411908",
    "side": "buy",
    "size": "18508.8",
    "symbol": "MEMEFI-USDT",
    "takerOrderId": "6740806b67cdc90007feabe8",
    "time": "1732280427956000000",
    "tradeId": "5585560796411908",
    "type": "match",
    "time_data_received": "13:00:28.0032"
  },
  {
    "makerOrderId": "6740806767cdc90007fe88e8",
    "price": "0.02",
    "sequence": "5585560857622529",
    "side": "buy",
    "size": "42597.5",
    "symbol": "MEMEFI-USDT",
    "takerOrderId": "6740806cd52cb80007b0d826",
    "time": "1732280428101000000",
    "tradeId": "5585560857622529",
    "type": "match",
    "time_data_received": "13:00:28.1649"
  },
  {
    "makerOrderId": "67408068f1bf400007471a82",
    "price": "0.02",
    "sequence": "5585560857622532",
    "side": "buy",
    "size": "1482.6",
    "symbol": "MEMEFI-USDT",
    "takerOrderId": "6740806cd52cb80007b0d826",
    "time": "1732280428101000000",
    "tradeId": "5585560857622532",
    "type": "match",
    "time_data_received": "13:00:28.1651"
  },
  {
    "makerOrderId": "6740806a67cdc90007fea17f",
    "price": "0.02",
    "sequence": "5585560857622535",
    "side": "buy",
    "size": "1858.5",
    "symbol": "MEMEFI-USDT",
    "takerOrderId": "6740806cd52cb80007b0d826",
    "time": "1732280428101000000",
    "tradeId": "5585560857622535",
    "type": "match",
    "time_data_received": "13:00:28.1653"
  },
  {
    "makerOrderId": "6740806a088f0100075b5f3c",
    "price": "0.02",
    "sequence": "5585560857622538",
    "side": "buy",
    "size": "4139.4",
    "symbol": "MEMEFI-USDT",
    "takerOrderId": "6740806cd52cb80007b0d826",
    "time": "1732280428101000000",
    "tradeId": "5585560857622538",
    "type": "match",
    "time_data_received": "13:00:28.1656"
  },
  {
    "makerOrderId": "6740806c088f0100075b6b43",
    "price": "0.02301",
    "sequence": "5585561228818433",
    "side": "sell",
    "size": "217.2",
    "symbol": "MEMEFI-USDT",
    "takerOrderId": "6740806c68486d00073c85a7",
    "time": "1732280428847000000",
    "tradeId": "5585561228818433",
    "type": "match",
    "time_data_received": "13:00:28.9252"
  },
  {
    "makerOrderId": "6740806c67cdc90007feb0aa",
    "price": "0.02",
    "sequence": "5585561295665153",
    "side": "sell",
    "size": "10",
    "symbol": "MEMEFI-USDT",
    "takerOrderId": "6740806c0d85530007d2130f",
    "time": "1732280428952000000",
    "tradeId": "5585561295665153",
    "type": "match",
    "time_data_received": "13:00:29.0014"
  },
  {
    "makerOrderId": "6740806bc5ba7400073b583f",
    "price": "0.01999",
    "sequence": "5585561295665156",
    "side": "sell",
    "size": "4108.9",
    "symbol": "MEMEFI-USDT",
    "takerOrderId": "6740806c0d85530007d2130f",
    "time": "1732280428952000000",
    "tradeId": "5585561295665156",
    "type": "match",
    "time_data_received": "13:00:29.0017"
  },
  {
    "makerOrderId": "6740806d67cdc90007feb671",
    "price": "0.02",
    "sequence": "5585561561741313",
    "side": "buy",
    "size": "154.6",
    "symbol": "MEMEFI-USDT",
    "takerOrderId": "6740806d088f0100075b757c",
    "time": "1732280429538000000",
    "tradeId": "5585561561741313",
    "type": "match",
    "time_data_received": "13:00:29.5835"
  },
  {
    "makerOrderId": "6740806dae93cc00077b7f60",
    "price": "0.01918",
    "sequence": "5585561796098049",
    "side": "buy",
    "size": "1118.7",
    "symbol": "MEMEFI-USDT",
    "takerOrderId": "6740806ef4a7c500074d78a2",
    "time": "1732280430042000000",
    "tradeId": "5585561796098049",
    "type": "match",
    "time_data_received": "13:00:30.0937"
  },
  {
    "makerOrderId": "6740806e1586c1000751ba8f",
    "price": "0.01944",
    "sequence": "5585562075150337",
    "side": "buy",
    "size": "173.9",
    "symbol": "MEMEFI-USDT",
    "takerOrderId": "6740806ef4f12000076bff89",
    "time": "1732280430723000000",
    "tradeId": "5585562075150337",
    "type": "match",
    "time_data_received": "13:00:30.8310"
  },
  {
    "makerOrderId": "6740806ff4a7c500074d8528",
    "price": "0.01881",
    "sequence": "5585562546354177",
    "side": "sell",
    "size": "894",
    "symbol": "MEMEFI-USDT",
    "takerOrderId": "6740806fcf286a0007f2528b",
    "time": "1732280431810000000",
    "tradeId": "5585562546354177",
    "type": "match",
    "time_data_received": "13:00:31.8954"
  },
  {
    "makerOrderId": "6740806d67cdc90007feb671",
    "price": "0.02",
    "sequence": "5585562604812289",
    "side": "buy",
    "size": "52.3",
    "symbol": "MEMEFI-USDT",
    "takerOrderId": "6740806fc5ba7400073b835d",
    "time": "1732280431949000000",
    "tradeId": "5585562604812289",
    "type": "match",
    "time_data_received": "13:00:32.0009"
  },
  {
    "makerOrderId": "6740806fd52cb80007b0fad1",
    "price": "0.01892",
    "sequence": "5585562612807681",
    "side": "sell",
    "size": "1699.3",
    "symbol": "MEMEFI-USDT",
    "takerOrderId": "6740806ff4f12000076c0a71",
    "time": "1732280431979000000",
    "tradeId": "5585562612807681",
    "type": "match",
    "time_data_received": "13:00:32.0275"
  },
  {
    "makerOrderId": "6740806d67cdc90007feb671",
    "price": "0.02",
    "sequence": "5585562713470977",
    "side": "buy",
    "size": "883.1",
    "symbol": "MEMEFI-USDT",
    "takerOrderId": "67408070088f0100075b8d9e",
    "time": "1732280432164000000",
    "tradeId": "5585562713470977",
    "type": "match",
    "time_data_received": "13:00:32.2136"
  },
  {
    "makerOrderId": "6740806f31d0950007de6d8b",
    "price": "0.02",
    "sequence": "5585562713470980",
    "side": "buy",
    "size": "3046.8",
    "symbol": "MEMEFI-USDT",
    "takerOrderId": "67408070088f0100075b8d9e",
    "time": "1732280432164000000",
    "tradeId": "5585562713470980",
    "type": "match",
    "time_data_received": "13:00:32.2139"
  },
  {
    "makerOrderId": "67408070088f0100075b93da",
    "price": "0.0192",
    "sequence": "5585563032500225",
    "side": "buy",
    "size": "217.2",
    "symbol": "MEMEFI-USDT",
    "takerOrderId": "67408070ae93cc00077b9b05",
    "time": "1732280432850000000",
    "tradeId": "5585563032500225",
    "type": "match",
    "time_data_received": "13:00:32.9276"
  },
  {
    "makerOrderId": "6740806f31d0950007de6d8b",
    "price": "0.02",
    "sequence": "5585563032500228",
    "side": "buy",
    "size": "32.8",
    "symbol": "MEMEFI-USDT",
    "takerOrderId": "67408070ae93cc00077b9b05",
    "time": "1732280432850000000",
    "tradeId": "5585563032500228",
    "type": "match",
    "time_data_received": "13:00:32.9279"
  },
  {
    "makerOrderId": "6740806f31d0950007de6d8b",
    "price": "0.02",
    "sequence": "5585563111929857",
    "side": "buy",
    "size": "5000",
    "symbol": "MEMEFI-USDT",
    "takerOrderId": "67408071df6f6e0007271337",
    "time": "1732280433033000000",
    "tradeId": "5585563111929857",
    "type": "match",
    "time_data_received": "13:00:33.0854"
  },
  {
    "makerOrderId": "67408071d52cb80007b10784",
    "price": "0.01909",
    "sequence": "5585563195815937",
    "side": "buy",
    "size": "47.8",
    "symbol": "MEMEFI-USDT",
    "takerOrderId": "67408071f1bf400007476306",
    "time": "1732280433309000000",
    "tradeId": "5585563195815937",
    "type": "match",
    "time_data_received": "13:00:33.4759"
  },
  {
    "makerOrderId": "67408071d52cb80007b10784",
    "price": "0.01909",
    "sequence": "5585563253618689",
    "side": "buy",
    "size": "60.8",
    "symbol": "MEMEFI-USDT",
    "takerOrderId": "67408071f4a7c500074d96e3",
    "time": "1732280433497000000",
    "tradeId": "5585563253618689",
    "type": "match",
    "time_data_received": "13:00:33.5591"
  },
  {
    "makerOrderId": "67408071d52cb80007b10784",
    "price": "0.01909",
    "sequence": "5585563372107777",
    "side": "buy",
    "size": "354.8",
    "symbol": "MEMEFI-USDT",
    "takerOrderId": "67408071c65bf70007e6a49b",
    "time": "1732280433719000000",
    "tradeId": "5585563372107777",
    "type": "match",
    "time_data_received": "13:00:33.7724"
  },
  {
    "makerOrderId": "67408071d52cb80007b10784",
    "price": "0.01909",
    "sequence": "5585563501737985",
    "side": "buy",
    "size": "27.6",
    "symbol": "MEMEFI-USDT",
    "takerOrderId": "674080714fe7460007adfeb2",
    "time": "1732280434016000000",
    "tradeId": "5585563501737985",
    "type": "match",
    "time_data_received": "13:00:34.0629"
  },
  {
    "makerOrderId": "67408072df6f6e0007271ed7",
    "price": "0.01892",
    "sequence": "5585563855108097",
    "side": "sell",
    "size": "20420.1",
    "symbol": "MEMEFI-USDT",
    "takerOrderId": "67408072df6f6e0007272108",
    "time": "1732280434829000000",
    "tradeId": "5585563855108097",
    "type": "match",
    "time_data_received": "13:00:34.8792"
  },
  {
    "makerOrderId": "674080724fe7460007ae0212",
    "price": "0.01918",
    "sequence": "5585563977660417",
    "side": "buy",
    "size": "1979",
    "symbol": "MEMEFI-USDT",
    "takerOrderId": "67408073f4f12000076c249e",
    "time": "1732280435103000000",
    "tradeId": "5585563977660417",
    "type": "match",
    "time_data_received": "13:00:35.1558"
  },
  {
    "makerOrderId": "67408072df6f6e0007271ed7",
    "price": "0.01892",
    "sequence": "5585564037560321",
    "side": "sell",
    "size": "120",
    "symbol": "MEMEFI-USDT",
    "takerOrderId": "674080731586c1000751e2a5",
    "time": "1732280435209000000",
    "tradeId": "5585564037560321",
    "type": "match",
    "time_data_received": "13:00:35.2610"
  },
  {
    "makerOrderId": "67408073b7e21a0007179487",
    "price": "0.01909",
    "sequence": "5585564137961473",
    "side": "buy",
    "size": "1092.8",
    "symbol": "MEMEFI-USDT",
    "takerOrderId": "67408073d52cb80007b11865",
    "time": "1732280435411000000",
    "tradeId": "5585564137961473",
    "type": "match",
    "time_data_received": "13:00:35.4641"
  },
  {
    "makerOrderId": "67408073f4a7c500074da79c",
    "price": "0.019",
    "sequence": "5585564237314049",
    "side": "buy",
    "size": "665.3",
    "symbol": "MEMEFI-USDT",
    "takerOrderId": "67408073f1bf40000747761f",
    "time": "1732280435667000000",
    "tradeId": "5585564237314049",
    "type": "match",
    "time_data_received": "13:00:35.7232"
  },
  {
    "makerOrderId": "67408074d52cb80007b11eef",
    "price": "0.01859",
    "sequence": "5585564488841217",
    "side": "buy",
    "size": "791.4",
    "symbol": "MEMEFI-USDT",
    "takerOrderId": "67408074ae93cc00077bb67b",
    "time": "1732280436363000000",
    "tradeId": "5585564488841217",
    "type": "match",
    "time_data_received": "13:00:36.4078"
  },
  {
    "makerOrderId": "67408074f4a7c500074daeca",
    "price": "0.0185",
    "sequence": "5585564604184577",
    "side": "buy",
    "size": "20.6",
    "symbol": "MEMEFI-USDT",
    "takerOrderId": "6740807431d0950007de9722",
    "time": "1732280436716000000",
    "tradeId": "5585564604184577",
    "type": "match",
    "time_data_received": "13:00:36.7627"
  },
  {
    "makerOrderId": "67408074f4a7c500074daeca",
    "price": "0.0185",
    "sequence": "5585564830414849",
    "side": "buy",
    "size": "3558.3",
    "symbol": "MEMEFI-USDT",
    "takerOrderId": "67408075088f0100075bb6b0",
    "time": "1732280437229000000",
    "tradeId": "5585564830414849",
    "type": "match",
    "time_data_received": "13:00:37.2845"
  },
  {
    "makerOrderId": "67408072ae93cc00077baa95",
    "price": "0.01621",
    "sequence": "5585564977608705",
    "side": "sell",
    "size": "308.4",
    "symbol": "MEMEFI-USDT",
    "takerOrderId": "67408075f4a7c500074db6bf",
    "time": "1732280437520000000",
    "tradeId": "5585564977608705",
    "type": "match",
    "time_data_received": "13:00:37.5736"
  },
  {
    "makerOrderId": "674080720d85530007d24316",
    "price": "0.0162",
    "sequence": "5585564977608708",
    "side": "sell",
    "size": "617.2",
    "symbol": "MEMEFI-USDT",
    "takerOrderId": "67408075f4a7c500074db6bf",
    "time": "1732280437520000000",
    "tradeId": "5585564977608708",
    "type": "match",
    "time_data_received": "13:00:37.5738"
  },
  {
    "makerOrderId": "67408075f4a7c500074db6bf",
    "price": "0.0162",
    "sequence": "5585564993992705",
    "side": "buy",
    "size": "100",
    "symbol": "MEMEFI-USDT",
    "takerOrderId": "67408075cf286a0007f281bf",
    "time": "1732280437553000000",
    "tradeId": "5585564993992705",
    "type": "match",
    "time_data_received": "13:00:37.6001"
  },
  {
    "makerOrderId": "67408075f4a7c500074db6bf",
    "price": "0.0162",
    "sequence": "5585565043275777",
    "side": "buy",
    "size": "46.8",
    "symbol": "MEMEFI-USDT",
    "takerOrderId": "67408075cf286a0007f2827c",
    "time": "1732280437637000000",
    "tradeId": "5585565043275777",
    "type": "match",
    "time_data_received": "13:00:37.6868"
  },
  {
    "makerOrderId": "67408075f4a7c500074db6bf",
    "price": "0.0162",
    "sequence": "5585565370300417",
    "side": "buy",
    "size": "10",
    "symbol": "MEMEFI-USDT",
    "takerOrderId": "67408076c5ba7400073bb980",
    "time": "1732280438361000000",
    "tradeId": "5585565370300417",
    "type": "match",
    "time_data_received": "13:00:38.4332"
  },
  {
    "makerOrderId": "67408075f4a7c500074db6bf",
    "price": "0.0162",
    "sequence": "5585565665736705",
    "side": "buy",
    "size": "526.6",
    "symbol": "MEMEFI-USDT",
    "takerOrderId": "67408077d52cb80007b13640",
    "time": "1732280439081000000",
    "tradeId": "5585565665736705",
    "type": "match",
    "time_data_received": "13:00:39.1376"
  },
  {
    "makerOrderId": "67408075f4a7c500074db6bf",
    "price": "0.0162",
    "sequence": "5585565749753857",
    "side": "buy",
    "size": "1235.1",
    "symbol": "MEMEFI-USDT",
    "takerOrderId": "67408077df6f6e0007274609",
    "time": "1732280439301000000",
    "tradeId": "5585565749753857",
    "type": "match",
    "time_data_received": "13:00:39.5040"
  },
  {
    "makerOrderId": "67408075f4a7c500074db6bf",
    "price": "0.0162",
    "sequence": "5585565862213633",
    "side": "buy",
    "size": "713.8",
    "symbol": "MEMEFI-USDT",
    "takerOrderId": "674080774fe7460007ae2bfe",
    "time": "1732280439584000000",
    "tradeId": "5585565862213633",
    "type": "match",
    "time_data_received": "13:00:39.7746"
  },
  {
    "makerOrderId": "67408075f4a7c500074db6bf",
    "price": "0.0162",
    "sequence": "5585566073501697",
    "side": "buy",
    "size": "47.6",
    "symbol": "MEMEFI-USDT",
    "takerOrderId": "67408078cf286a0007f296b9",
    "time": "1732280440077000000",
    "tradeId": "5585566073501697",
    "type": "match",
    "time_data_received": "13:00:40.1304"
  },
  {
    "makerOrderId": "67408069df6f6e000726d52b",
    "price": "0.016",
    "sequence": "5585566189762561",
    "side": "sell",
    "size": "58",
    "symbol": "MEMEFI-USDT",
    "takerOrderId": "6740807837061e0007f7bda7",
    "time": "1732280440484000000",
    "tradeId": "5585566189762561",
    "type": "match",
    "time_data_received": "13:00:40.5323"
  },
  {
    "makerOrderId": "6740806bf15b27000753b8e3",
    "price": "0.016",
    "sequence": "5585566189762564",
    "side": "sell",
    "size": "847.5",
    "symbol": "MEMEFI-USDT",
    "takerOrderId": "6740807837061e0007f7bda7",
    "time": "1732280440484000000",
    "tradeId": "5585566189762564",
    "type": "match",
    "time_data_received": "13:00:40.5325"
  },
  {
    "makerOrderId": "67408071ae93cc00077ba3c1",
    "price": "0.015",
    "sequence": "5585566254512129",
    "side": "sell",
    "size": "1023.2",
    "symbol": "MEMEFI-USDT",
    "takerOrderId": "674080780d85530007d276cd",
    "time": "1732280440650000000",
    "tradeId": "5585566254512129",
    "type": "match",
    "time_data_received": "13:00:40.7008"
  },
  {
    "makerOrderId": "6740807837061e0007f7bda7",
    "price": "0.016",
    "sequence": "5585566528190465",
    "side": "buy",
    "size": "45.1",
    "symbol": "MEMEFI-USDT",
    "takerOrderId": "67408079088f0100075bd815",
    "time": "1732280441239000000",
    "tradeId": "5585566528190465",
    "type": "match",
    "time_data_received": "13:00:41.3043"
  },
  {
    "makerOrderId": "67408071ae93cc00077ba3c1",
    "price": "0.015",
    "sequence": "5585566550734849",
    "side": "sell",
    "size": "15736.2",
    "symbol": "MEMEFI-USDT",
    "takerOrderId": "674080790d85530007d27c86",
    "time": "1732280441280000000",
    "tradeId": "5585566550734849",
    "type": "match",
    "time_data_received": "13:00:41.3343"
  },
  {
    "makerOrderId": "6740807268486d00073cbbd2",
    "price": "0.015",
    "sequence": "5585566550734852",
    "side": "sell",
    "size": "13510.9",
    "symbol": "MEMEFI-USDT",
    "takerOrderId": "674080790d85530007d27c86",
    "time": "1732280441280000000",
    "tradeId": "5585566550734852",
    "type": "match",
    "time_data_received": "13:00:41.3350"
  },
  {
    "makerOrderId": "67408073f4f12000076c24d3",
    "price": "0.015",
    "sequence": "5585566550734855",
    "side": "sell",
    "size": "3553.8",
    "symbol": "MEMEFI-USDT",
    "takerOrderId": "674080790d85530007d27c86",
    "time": "1732280441280000000",
    "tradeId": "5585566550734855",
    "type": "match",
    "time_data_received": "13:00:41.3352"
  },
  {
    "makerOrderId": "6740806b088f0100075b639e",
    "price": "0.01458",
    "sequence": "5585566550734858",
    "side": "sell",
    "size": "685.8",
    "symbol": "MEMEFI-USDT",
    "takerOrderId": "674080790d85530007d27c86",
    "time": "1732280441280000000",
    "tradeId": "5585566550734858",
    "type": "match",
    "time_data_received": "13:00:41.3354"
  },
  {
    "makerOrderId": "67408078088f0100075bd257",
    "price": "0.01401",
    "sequence": "5585566550734861",
    "side": "sell",
    "size": "27845.7",
    "symbol": "MEMEFI-USDT",
    "takerOrderId": "674080790d85530007d27c86",
    "time": "1732280441280000000",
    "tradeId": "5585566550734861",
    "type": "match",
    "time_data_received": "13:00:41.3355"
  },
  {
    "makerOrderId": "67408050f4a7c500074c67d6",
    "price": "0.014",
    "sequence": "5585566567380993",
    "side": "sell",
    "size": "10000",
    "symbol": "MEMEFI-USDT",
    "takerOrderId": "67408079f4a7c500074dd5ab",
    "time": "1732280441315000000",
    "tradeId": "5585566567380993",
    "type": "match",
    "time_data_received": "13:00:41.3677"
  },
  {
    "makerOrderId": "674080501586c1000750a6bd",
    "price": "0.014",
    "sequence": "5585566567380996",
    "side": "sell",
    "size": "1300",
    "symbol": "MEMEFI-USDT",
    "takerOrderId": "67408079f4a7c500074dd5ab",
    "time": "1732280441315000000",
    "tradeId": "5585566567380996",
    "type": "match",
    "time_data_received": "13:00:41.3679"
  },
  {
    "makerOrderId": "67408050f15b27000752c4d7",
    "price": "0.014",
    "sequence": "5585566567380999",
    "side": "sell",
    "size": "3500",
    "symbol": "MEMEFI-USDT",
    "takerOrderId": "67408079f4a7c500074dd5ab",
    "time": "1732280441315000000",
    "tradeId": "5585566567380999",
    "type": "match",
    "time_data_received": "13:00:41.3680"
  },
  {
    "makerOrderId": "6740806cf4f12000076bead1",
    "price": "0.014",
    "sequence": "5585566567381002",
    "side": "sell",
    "size": "14872.5",
    "symbol": "MEMEFI-USDT",
    "takerOrderId": "67408079f4a7c500074dd5ab",
    "time": "1732280441315000000",
    "tradeId": "5585566567381002",
    "type": "match",
    "time_data_received": "13:00:41.3681"
  },
  {
    "makerOrderId": "674080500d85530007d10d13",
    "price": "0.0132",
    "sequence": "5585566567381005",
    "side": "sell",
    "size": "1000",
    "symbol": "MEMEFI-USDT",
    "takerOrderId": "67408079f4a7c500074dd5ab",
    "time": "1732280441315000000",
    "tradeId": "5585566567381005",
    "type": "match",
    "time_data_received": "13:00:41.3682"
  },
  {
    "makerOrderId": "67408079f4a7c500074dd5ab",
    "price": "0.0132",
    "sequence": "5585567024166913",
    "side": "buy",
    "size": "10.1",
    "symbol": "MEMEFI-USDT",
    "takerOrderId": "6740807af4f12000076c5fcd",
    "time": "1732280442345000000",
    "tradeId": "5585567024166913",
    "type": "match",
    "time_data_received": "13:00:42.4010"
  },
  {
    "makerOrderId": "67408079f4a7c500074dd5ab",
    "price": "0.0132",
    "sequence": "5585567249610753",
    "side": "buy",
    "size": "26315.7",
    "symbol": "MEMEFI-USDT",
    "takerOrderId": "6740807ab7e21a000717d387",
    "time": "1732280442729000000",
    "tradeId": "5585567249610753",
    "type": "match",
    "time_data_received": "13:00:42.7752"
  },
  {
    "makerOrderId": "67408079f4a7c500074dd5ab",
    "price": "0.0132",
    "sequence": "5585567303874561",
    "side": "buy",
    "size": "6889",
    "symbol": "MEMEFI-USDT",
    "takerOrderId": "6740807acf286a0007f2b1c1",
    "time": "1732280442865000000",
    "tradeId": "5585567303874561",
    "type": "match",
    "time_data_received": "13:00:42.9518"
  },
  {
    "makerOrderId": "67408079f15b270007543244",
    "price": "0.0132",
    "sequence": "5585567303874564",
    "side": "buy",
    "size": "308.4",
    "symbol": "MEMEFI-USDT",
    "takerOrderId": "6740807acf286a0007f2b1c1",
    "time": "1732280442865000000",
    "tradeId": "5585567303874564",
    "type": "match",
    "time_data_received": "13:00:42.9521"
  },
  {
    "makerOrderId": "6740807837061e0007f7bda7",
    "price": "0.016",
    "sequence": "5585567306758145",
    "side": "buy",
    "size": "328.4",
    "symbol": "MEMEFI-USDT",
    "takerOrderId": "6740807ad52cb80007b15960",
    "time": "1732280442873000000",
    "tradeId": "5585567306758145",
    "type": "match",
    "time_data_received": "13:00:42.9536"
  },
  {
    "makerOrderId": "67408050f15b27000752bfcb",
    "price": "0.013",
    "sequence": "5585567380289537",
    "side": "sell",
    "size": "995",
    "symbol": "MEMEFI-USDT",
    "takerOrderId": "6740807a31d0950007ded006",
    "time": "1732280442988000000",
    "tradeId": "5585567380289537",
    "type": "match",
    "time_data_received": "13:00:43.0338"
  },
  {
    "makerOrderId": "6740807837061e0007f7bda7",
    "price": "0.016",
    "sequence": "5585567447267329",
    "side": "buy",
    "size": "17.5",
    "symbol": "MEMEFI-USDT",
    "takerOrderId": "6740807b088f0100075bec6f",
    "time": "1732280443148000000",
    "tradeId": "5585567447267329",
    "type": "match",
    "time_data_received": "13:00:43.1992"
  },
  {
    "makerOrderId": "6740807837061e0007f7bda7",
    "price": "0.016",
    "sequence": "5585567538100225",
    "side": "buy",
    "size": "625",
    "symbol": "MEMEFI-USDT",
    "takerOrderId": "6740807b0d85530007d29236",
    "time": "1732280443403000000",
    "tradeId": "5585567538100225",
    "type": "match",
    "time_data_received": "13:00:43.4491"
  },
  {
    "makerOrderId": "6740807bc65bf70007e6f35c",
    "price": "0.01323",
    "sequence": "5585567563659265",
    "side": "sell",
    "size": "755.8",
    "symbol": "MEMEFI-USDT",
    "takerOrderId": "6740807b0d85530007d292d1",
    "time": "1732280443475000000",
    "tradeId": "5585567563659265",
    "type": "match",
    "time_data_received": "13:00:43.5307"
  },
  {
    "makerOrderId": "6740807bdf6f6e00072769f1",
    "price": "0.01323",
    "sequence": "5585567563659268",
    "side": "sell",
    "size": "594.2",
    "symbol": "MEMEFI-USDT",
    "takerOrderId": "6740807b0d85530007d292d1",
    "time": "1732280443475000000",
    "tradeId": "5585567563659268",
    "type": "match",
    "time_data_received": "13:00:43.5310"
  },
  {
    "makerOrderId": "6740807837061e0007f7bda7",
    "price": "0.016",
    "sequence": "5585567564183553",
    "side": "buy",
    "size": "543.1",
    "symbol": "MEMEFI-USDT",
    "takerOrderId": "6740807bd52cb80007b15eb5",
    "time": "1732280443477000000",
    "tradeId": "5585567564183553",
    "type": "match",
    "time_data_received": "13:00:43.5315"
  },
  {
    "makerOrderId": "6740807bc5ba7400073be734",
    "price": "0.01502",
    "sequence": "5585567626704897",
    "side": "sell",
    "size": "1309.2",
    "symbol": "MEMEFI-USDT",
    "takerOrderId": "6740807b1586c10007522b0b",
    "time": "1732280443645000000",
    "tradeId": "5585567626704897",
    "type": "match",
    "time_data_received": "13:00:43.6959"
  },
  {
    "makerOrderId": "6740807bc5ba7400073be734",
    "price": "0.01502",
    "sequence": "5585567705348097",
    "side": "sell",
    "size": "10292.2",
    "symbol": "MEMEFI-USDT",
    "takerOrderId": "6740807bb7e21a000717dd87",
    "time": "1732280443844000000",
    "tradeId": "5585567705348097",
    "type": "match",
    "time_data_received": "13:00:43.8961"
  },
  {
    "makerOrderId": "6740807837061e0007f7bda7",
    "price": "0.016",
    "sequence": "5585567744800769",
    "side": "buy",
    "size": "7802.5",
    "symbol": "MEMEFI-USDT",
    "takerOrderId": "6740807b0d85530007d2964b",
    "time": "1732280443914000000",
    "tradeId": "5585567744800769",
    "type": "match",
    "time_data_received": "13:00:43.9677"
  },
  {
    "makerOrderId": "6740807cb7e21a000717dfe1",
    "price": "0.01504",
    "sequence": "5585568063567873",
    "side": "sell",
    "size": "500.9",
    "symbol": "MEMEFI-USDT",
    "takerOrderId": "6740807c31d0950007dede29",
    "time": "1732280444794000000",
    "tradeId": "5585568063567873",
    "type": "match",
    "time_data_received": "13:00:44.8439"
  },
  {
    "makerOrderId": "6740807c31d0950007dede29",
    "price": "0.0147",
    "sequence": "5585568362805249",
    "side": "buy",
    "size": "51.8",
    "symbol": "MEMEFI-USDT",
    "takerOrderId": "6740807df15b2700075455c5",
    "time": "1732280445436000000",
    "tradeId": "5585568362805249",
    "type": "match",
    "time_data_received": "13:00:45.5009"
  },
  {
    "makerOrderId": "6740807ef15b270007545dbe",
    "price": "0.01464",
    "sequence": "5585569160902657",
    "side": "buy",
    "size": "249.4",
    "symbol": "MEMEFI-USDT",
    "takerOrderId": "6740807fb7e21a000717f993",
    "time": "1732280447281000000",
    "tradeId": "5585569160902657",
    "type": "match",
    "time_data_received": "13:00:47.3350"
  },
  {
    "makerOrderId": "6740807c31d0950007dede29",
    "price": "0.0147",
    "sequence": "5585569160902660",
    "side": "buy",
    "size": "797.3",
    "symbol": "MEMEFI-USDT",
    "takerOrderId": "6740807fb7e21a000717f993",
    "time": "1732280447281000000",
    "tradeId": "5585569160902660",
    "type": "match",
    "time_data_received": "13:00:47.3362"
  },
  {
    "makerOrderId": "6740807837061e0007f7bda7",
    "price": "0.016",
    "sequence": "5585569160902663",
    "side": "buy",
    "size": "2039.7",
    "symbol": "MEMEFI-USDT",
    "takerOrderId": "6740807fb7e21a000717f993",
    "time": "1732280447281000000",
    "tradeId": "5585569160902663",
    "type": "match",
    "time_data_received": "13:00:47.3366"
  },
  {
    "makerOrderId": "6740807837061e0007f7bda7",
    "price": "0.016",
    "sequence": "5585569207564289",
    "side": "buy",
    "size": "61.5",
    "symbol": "MEMEFI-USDT",
    "takerOrderId": "6740807f31d0950007def3ba",
    "time": "1732280447377000000",
    "tradeId": "5585569207564289",
    "type": "match",
    "time_data_received": "13:00:47.4300"
  },
  {
    "makerOrderId": "6740807bdf6f6e00072769f1",
    "price": "0.01323",
    "sequence": "5585569301411841",
    "side": "sell",
    "size": "161.6",
    "symbol": "MEMEFI-USDT",
    "takerOrderId": "6740807fcf286a0007f2d9ea",
    "time": "1732280447558000000",
    "tradeId": "5585569301411841",
    "type": "match",
    "time_data_received": "13:00:47.6089"
  },
  {
    "makerOrderId": "6740807d37061e0007f7ef4f",
    "price": "0.01323",
    "sequence": "5585569301411844",
    "side": "sell",
    "size": "4374.5",
    "symbol": "MEMEFI-USDT",
    "takerOrderId": "6740807fcf286a0007f2d9ea",
    "time": "1732280447558000000",
    "tradeId": "5585569301411844",
    "type": "match",
    "time_data_received": "13:00:47.6092"
  },
  {
    "makerOrderId": "6740807fcf286a0007f2d9ea",
    "price": "0.01323",
    "sequence": "5585569702230017",
    "side": "buy",
    "size": "10",
    "symbol": "MEMEFI-USDT",
    "takerOrderId": "67408080d52cb80007b188ea",
    "time": "1732280448230000000",
    "tradeId": "5585569702230017",
    "type": "match",
    "time_data_received": "13:00:48.2780"
  },
  {
    "makerOrderId": "67408050f15b27000752bfcb",
    "price": "0.013",
    "sequence": "5585569958344705",
    "side": "sell",
    "size": "1005",
    "symbol": "MEMEFI-USDT",
    "takerOrderId": "67408080088f0100075c1e69",
    "time": "1732280448911000000",
    "tradeId": "5585569958344705",
    "type": "match",
    "time_data_received": "13:00:48.9611"
  },
  {
    "makerOrderId": "6740807f0d85530007d2b233",
    "price": "0.01201",
    "sequence": "5585569958344708",
    "side": "sell",
    "size": "6434.4",
    "symbol": "MEMEFI-USDT",
    "takerOrderId": "67408080088f0100075c1e69",
    "time": "1732280448911000000",
    "tradeId": "5585569958344708",
    "type": "match",
    "time_data_received": "13:00:48.9615"
  },
  {
    "makerOrderId": "67408080ae93cc00077c232e",
    "price": "0.01316",
    "sequence": "5585570109732865",
    "side": "buy",
    "size": "125.2",
    "symbol": "MEMEFI-USDT",
    "takerOrderId": "6740808137061e0007f80dc3",
    "time": "1732280449323000000",
    "tradeId": "5585570109732865",
    "type": "match",
    "time_data_received": "13:00:49.3685"
  },
  {
    "makerOrderId": "6740807fcf286a0007f2d9ea",
    "price": "0.01323",
    "sequence": "5585570109732868",
    "side": "buy",
    "size": "28",
    "symbol": "MEMEFI-USDT",
    "takerOrderId": "6740808137061e0007f80dc3",
    "time": "1732280449323000000",
    "tradeId": "5585570109732868",
    "type": "match",
    "time_data_received": "13:00:49.3731"
  },
  {
    "makerOrderId": "6740807fcf286a0007f2d9ea",
    "price": "0.01323",
    "sequence": "5585570187065345",
    "side": "buy",
    "size": "1344.9",
    "symbol": "MEMEFI-USDT",
    "takerOrderId": "6740808137061e0007f80f76",
    "time": "1732280449548000000",
    "tradeId": "5585570187065345",
    "type": "match",
    "time_data_received": "13:00:49.5974"
  },
  {
    "makerOrderId": "6740807f68486d00073d24c1",
    "price": "0.0147",
    "sequence": "5585570281830401",
    "side": "buy",
    "size": "189.3",
    "symbol": "MEMEFI-USDT",
    "takerOrderId": "67408081c5ba7400073c1c17",
    "time": "1732280449751000000",
    "tradeId": "5585570281830401",
    "type": "match",
    "time_data_received": "13:00:49.8041"
  },
  {
    "makerOrderId": "674080821586c10007526171",
    "price": "0.01324",
    "sequence": "5585570483681281",
    "side": "sell",
    "size": "161.6",
    "symbol": "MEMEFI-USDT",
    "takerOrderId": "67408082088f0100075c285e",
    "time": "1732280450291000000",
    "tradeId": "5585570483681281",
    "type": "match",
    "time_data_received": "13:00:50.3434"
  },
  {
    "makerOrderId": "6740807f68486d00073d24c1",
    "price": "0.0147",
    "sequence": "5585570598107137",
    "side": "buy",
    "size": "9345.2",
    "symbol": "MEMEFI-USDT",
    "takerOrderId": "67408082b7e21a0007181533",
    "time": "1732280450611000000",
    "tradeId": "5585570598107137",
    "type": "match",
    "time_data_received": "13:00:50.6622"
  }
]