[
  {
    "id": "1732280370937",
    "type": "pong",
    "timestamp": 1732280370971761
  },
  {
    "id": "1732280390937",
    "type": "pong",
    "timestamp": 1732280390972448
  },
  {
    "topic": "/market/match:MEMEFI-USDT",
    "type": "message",
    "subject": "trade.l3match",
    "data": {
      "price": "0.003",
      "sequence": "5585548824295425",
      "side": "sell",
      "size": "100",
      "symbol": "MEMEFI-USDT",
      "time": "1732280400000000000",
      "tradeId": "5585548824295425",
      "type": "match",
      "time_before_que.put": "13:00:00.100",
      "seconds_from_release": 0.100255,
      "time_after_queue.get": "13:00:00.100"
    }
  },
  {
    "topic": "/market/match:MEMEFI-USDT",
    "type": "message",
    "subject": "trade.l3match",
    "data": {
      "makerOrderId": "674080186967d30007b47abb",
      "price": "0.01",
      "sequence": "5585548838320129",
      "side": "buy",
      "size": "748",
      "symbol": "MEMEFI-USDT",
      "takerOrderId": "67408050f1bf400007463069",
      "time": "1732280400081000000",
      "tradeId": "5585548838320129",
      "type": "match",
      "time_before_que.put": "13:00:00.128",
      "seconds_from_release": 0.12885,
      "time_after_queue.get": "13:00:00.129"
    }
  },
  {
    "topic": "/market/match:MEMEFI-USDT",
    "type": "message",
    "subject": "trade.l3match",
    "data": {
      "makerOrderId": "67407fb20d85530007cdc4ce",
      "price": "0.03",
      "sequence": "5585548848805889",
      "side": "buy",
      "size": "10",
      "symbol": "MEMEFI-USDT",
      "takerOrderId": "67408050f1bf400007463088",
      "time": "1732280400105000000",
      "tradeId": "5585548848805889",
      "type": "match",
      "time_before_que.put": "13:00:00.156",
      "seconds_from_release": 0.156109,
      "time_after_queue.get": "13:00:00.156"
    }
  },
  {
    "topic": "/market/match:MEMEFI-USDT",
    "type": "message",
    "subject": "trade.l3match",
    "data": {
      "makerOrderId": "67407fb20d85530007cdc4ce",
      "price": "0.03",
      "sequence": "5585548853393409",
      "side": "buy",
      "size": "10",
      "symbol": "MEMEFI-USDT",
      "takerOrderId": "67408050c5ba7400073a5c9a",
      "time": "1732280400120000000",
      "tradeId": "5585548853393409",
      "type": "match",
      "time_before_que.put": "13:00:00.170",
      "seconds_from_release": 0.170525,
      "time_after_queue.get": "13:00:00.173"
    }
  },
  {
    "topic": "/market/match:MEMEFI-USDT",
    "type": "message",
    "subject": "trade.l3match",
    "data": {
      "makerOrderId": "67407fb20d85530007cdc4ce",
      "price": "0.03",
      "sequence": "5585548854966273",
      "side": "buy",
      "size": "10",
      "symbol": "MEMEFI-USDT",
      "takerOrderId": "674080500d85530007d10b43",
      "time": "1732280400126000000",
      "tradeId": "5585548854966273",
      "type": "match",
      "time_before_que.put": "13:00:00.177",
      "seconds_from_release": 0.177459,
      "time_after_queue.get": "13:00:00.177"
    }
  },
  {
    "topic": "/market/match:MEMEFI-USDT",
    "type": "message",
    "subject": "trade.l3match",
    "data": {
      "makerOrderId": "67407fb20d85530007cdc4ce",
      "price": "0.03",
      "sequence": "5585548856145921",
      "side": "buy",
      "size": "10",
      "symbol": "MEMEFI-USDT",
      "takerOrderId": "67408050088f0100075a66e8",
      "time": "1732280400131000000",
      "tradeId": "5585548856145921",
      "type": "match",
      "time_before_que.put": "13:00:00.177",
      "seconds_from_release": 0.177682,
      "time_after_queue.get": "13:00:00.177"
    }
  },
  {
    "topic": "/market/match:MEMEFI-USDT",
    "type": "message",
    "subject": "trade.l3match",
    "data": {
      "makerOrderId": "67407fb20d85530007cdc4ce",
      "price": "0.03",
      "sequence": "5585548865189889",
      "side": "buy",
      "size": "10",
      "symbol": "MEMEFI-USDT",
      "takerOrderId": "67408050c5ba7400073a5db7",
      "time": "1732280400170000000",
      "tradeId": "5585548865189889",
      "type": "match",
      "time_before_que.put": "13:00:00.219",
      "seconds_from_release": 0.21977,
      "time_after_queue.get": "13:00:00.219"
    }
  },
  {
    "topic": "/market/match:MEMEFI-USDT",
    "type": "message",
    "subject": "trade.l3match",
    "data": {
      "makerOrderId": "67407fb20d85530007cdc4ce",
      "price": "0.03",
      "sequence": "5585548866631681",
      "side": "buy",
      "size": "10",
      "symbol": "MEMEFI-USDT",
      "takerOrderId": "6740805037061e0007f65444",
      "time": "1732280400176000000",
      "tradeId": "5585548866631681",
      "type": "match",
      "time_before_que.put": "13:00:00.227",
      "seconds_from_release": 0.227604,
      "time_after_queue.get": "13:00:00.227"
    }
  },
  {
    "topic": "/market/match:MEMEFI-USDT",
    "type": "message",
    "subject": "trade.l3match",
    "data": {
      "makerOrderId": "67407fb20d85530007cdc4ce",
      "price": "0.03",
      "sequence": "5585548868859905",
      "side": "buy",
      "size": "290",
      "symbol": "MEMEFI-USDT",
      "takerOrderId": "67408050f1bf40000746323b",
      "time": "1732280400183000000",
      "tradeId": "5585548868859905",
      "type": "match",
      "time_before_que.put": "13:00:00.234",
      "seconds_from_release": 0.234518,
      "time_after_queue.get": "13:00:00.234"
    }
  },
  {
    "topic": "/market/match:MEMEFI-USDT",
    "type": "message",
    "subject": "trade.l3match",
    "data": {
      "makerOrderId": "67407fef0d85530007cef331",
      "price": "0.03",
      "sequence": "5585548868859908",
      "side": "buy",
      "size": "350",
      "symbol": "MEMEFI-USDT",
      "takerOrderId": "67408050f1bf40000746323b",
      "time": "1732280400183000000",
      "tradeId": "5585548868859908",
      "type": "match",
      "time_before_que.put": "13:00:00.234",
      "seconds_from_release": 0.234906,
      "time_after_queue.get": "13:00:00.235"
    }
  },
  {
    "topic": "/market/match:MEMEFI-USDT",
    "type": "message",
    "subject": "trade.l3match",
    "data": {
      "makerOrderId": "67407fb4b7e21a0007131945",
      "price": "0.03006",
      "sequence": "5585548868859911",
      "side": "buy",
      "size": "355",
      "symbol": "MEMEFI-USDT",
      "takerOrderId": "67408050f1bf40000746323b",
      "time": "1732280400183000000",
      "tradeId": "5585548868859911",
      "type": "match",
      "time_before_que.put": "13:00:00.235",
      "seconds_from_release": 0.235147,
      "time_after_queue.get": "13:00:00.235"
    }
  },
  {
    "topic": "/market/match:MEMEFI-USDT",
    "type": "message",
    "subject": "trade.l3match",
    "data": {
      "makerOrderId": "67408052f1bf400007464ef2",
      "price": "0.88433",
      "sequence": "5585550376843265",
      "side": "sell",
      "size": "10",
      "symbol": "MEMEFI-USDT",
      "takerOrderId": "6740805467cdc90007fdd0bd",
      "time": "1732280404027000000",
      "tradeId": "5585550376843265",
      "type": "match",
      "time_before_que.put": "13:00:04.109",
      "seconds_from_release": 4.109238,
      "time_after_queue.get": "13:00:04.109"
    }
  },
  {
    "topic": "/market/match:MEMEFI-USDT",
    "type": "message",
    "subject": "trade.l3match",
    "data": {
      "makerOrderId": "67408053c5ba7400073a7b60",
      "price": "0.88433",
      "sequence": "5585550376843268",
      "side": "sell",
      "size": "53.2",
      "symbol": "MEMEFI-USDT",
      "takerOrderId": "6740805467cdc90007fdd0bd",
      "time": "1732280404027000000",
      "tradeId": "5585550376843268",
      "type": "match",
      "time_before_que.put": "13:00:04.109",
      "seconds_from_release": 4.109643,
      "time_after_queue.get": "13:00:04.110"
    }
  },
  {
    "topic": "/market/match:MEMEFI-USDT",
    "type": "message",
    "subject": "trade.l3match",
    "data": {
      "makerOrderId": "67408053f4f12000076b00d6",
      "price": "0.88433",
      "sequence": "5585550376843271",
      "side": "sell",
      "size": "118.3",
      "symbol": "MEMEFI-USDT",
      "takerOrderId": "6740805467cdc90007fdd0bd",
      "time": "1732280404027000000",
      "tradeId": "5585550376843271",
      "type": "match",
      "time_before_que.put": "13:00:04.110",
      "seconds_from_release": 4.110232,
      "time_after_queue.get": "13:00:04.110"
    }
  },
  {
    "topic": "/market/match:MEMEFI-USDT",
    "type": "message",
    "subject": "trade.l3match",
    "data": {
      "makerOrderId": "67408053c5ba7400073a7b92",
      "price": "0.88433",
      "sequence": "5585550376843274",
      "side": "sell",
      "size": "147.2",
      "symbol": "MEMEFI-USDT",
      "takerOrderId": "6740805467cdc90007fdd0bd",
      "time": "1732280404027000000",
      "tradeId": "5585550376843274",
      "type": "match",
      "time_before_que.put": "13:00:04.110",
      "seconds_from_release": 4.110427,
      "time_after_queue.get": "13:00:04.110"
    }
  },
  {
    "topic": "/market/match:MEMEFI-USDT",
    "type": "message",
    "subject": "trade.l3match",
    "data": {
      "makerOrderId": "6740805367cdc90007fdc94a",
      "price": "0.88433",
      "sequence": "5585550376843277",
      "side": "sell",
      "size": "90.7",
      "symbol": "MEMEFI-USDT",
      "takerOrderId": "6740805467cdc90007fdd0bd",
      "time": "1732280404027000000",
      "tradeId": "5585550376843277",
      "type": "match",
      "time_before_que.put": "13:00:04.110",
      "seconds_from_release": 4.110598,
      "time_after_queue.get": "13:00:04.111"
    }
  },
  {
    "topic": "/market/match:MEMEFI-USDT",
    "type": "message",
    "subject": "trade.l3match",
    "data": {
      "makerOrderId": "67408053cf286a0007f14f4d",
      "price": "0.88433",
      "sequence": "5585550376843280",
      "side": "sell",
      "size": "53.8",
      "symbol": "MEMEFI-USDT",
      "takerOrderId": "6740805467cdc90007fdd0bd",
      "time": "1732280404027000000",
      "tradeId": "5585550376843280",
      "type": "match",
      "time_before_que.put": "13:00:04.110",
      "seconds_from_release": 4.110854,
      "time_after_queue.get": "13:00:04.111"
    }
  },
  {
    "topic": "/market/match:MEMEFI-USDT",
    "type": "message",
    "subject": "trade.l3match",
    "data": {
      "makerOrderId": "6740805368486d00073b9f83",
      "price": "0.88433",
      "sequence": "5585550376843283",
      "side": "sell",
      "size": "53.2",
      "symbol": "MEMEFI-USDT",
      "takerOrderId": "6740805467cdc90007fdd0bd",
      "time": "1732280404027000000",
      "tradeId": "5585550376843283",
      "type": "match",
      "time_before_que.put": "13:00:04.111",
      "seconds_from_release": 4.111562,
      "time_after_queue.get": "13:00:04.111"
    }
  },
  {
    "topic": "/market/match:MEMEFI-USDT",
    "type": "message",
    "subject": "trade.l3match",
    "data": {
      "makerOrderId": "674080530d85530007d12e34",
      "price": "0.88433",
      "sequence": "5585550376843286",
      "side": "sell",
      "size": "30.9",
      "symbol": "MEMEFI-USDT",
      "takerOrderId": "6740805467cdc90007fdd0bd",
      "time": "1732280404027000000",
      "tradeId": "5585550376843286",
      "type": "match",
      "time_before_que.put": "13:00:04.111",
      "seconds_from_release": 4.111823,
      "time_after_queue.get": "13:00:04.112"
    }
  },
  {
    "topic": "/market/match:MEMEFI-USDT",
    "type": "message",
    "subject": "trade.l3match",
    "data": {
      "makerOrderId": "67408052cf286a0007f14d75",
      "price": "0.87299",
      "sequence": "5585550376843289",
      "side": "sell",
      "size": "10",
      "symbol": "MEMEFI-USDT",
      "takerOrderId": "6740805467cdc90007fdd0bd",
      "time": "1732280404027000000",
      "tradeId": "5585550376843289",
      "type": "match",
      "time_before_que.put": "13:00:04.111",
      "seconds_from_release": 4.111998,
      "time_after_queue.get": "13:00:04.112"
    }
  },
  {
    "topic": "/market/match:MEMEFI-USDT",
    "type": "message",
    "subject": "trade.l3match",
    "data": {
      "makerOrderId": "6740805267cdc90007fdc771",
      "price": "0.86645",
      "sequence": "5585550376843292",
      "side": "sell",
      "size": "10",
      "symbol": "MEMEFI-USDT",
      "takerOrderId": "6740805467cdc90007fdd0bd",
      "time": "1732280404027000000",
      "tradeId": "5585550376843292",
      "type": "match",
      "time_before_que.put": "13:00:04.112",
      "seconds_from_release": 4.112192,
      "time_after_queue.get": "13:00:04.113"
    }
  },
  {
    "topic": "/market/match:MEMEFI-USDT",
    "type": "message",
    "subject": "trade.l3match",
    "data": {
      "makerOrderId": "674080530d85530007d12952",
      "price": "0.86175",
      "sequence": "5585550376843295",
      "side": "sell",
      "size": "10",
      "symbol": "MEMEFI-USDT",
      "takerOrderId": "6740805467cdc90007fdd0bd",
      "time": "1732280404027000000",
      "tradeId": "5585550376843295",
      "type": "match",
      "time_before_que.put": "13:00:04.112",
      "seconds_from_release": 4.112903,
      "time_after_queue.get": "13:00:04.113"
    }
  },
  {
    "topic": "/market/match:MEMEFI-USDT",
    "type": "message",
    "subject": "trade.l3match",
    "data": {
      "makerOrderId": "674080520d85530007d1287e",
      "price": "0.85695",
      "sequence": "5585550376843298",
      "side": "sell",
      "size": "10",
      "symbol": "MEMEFI-USDT",
      "takerOrderId": "6740805467cdc90007fdd0bd",
      "time": "1732280404027000000",
      "tradeId": "5585550376843298",
      "type": "match",
      "time_before_que.put": "13:00:04.113",
      "seconds_from_release": 4.113274,
      "time_after_queue.get": "13:00:04.113"
    }
  },
  {
    "topic": "/market/match:MEMEFI-USDT",
    "type": "message",
    "subject": "trade.l3match",
    "data": {
      "makerOrderId": "67408052d52cb80007aff356",
      "price": "0.847",
      "sequence": "5585550376843301",
      "side": "sell",
      "size": "10",
      "symbol": "MEMEFI-USDT",
      "takerOrderId": "6740805467cdc90007fdd0bd",
      "time": "1732280404027000000",
      "tradeId": "5585550376843301",
      "type": "match",
      "time_before_que.put": "13:00:04.113",
      "seconds_from_release": 4.113471,
      "time_after_queue.get": "13:00:04.113"
    }
  },
  {
    "topic": "/market/match:MEMEFI-USDT",
    "type": "message",
    "subject": "trade.l3match",
    "data": {
      "makerOrderId": "674080544fe7460007acf070",
      "price": "0.78545",
      "sequence": "5585551009134593",
      "side": "sell",
      "size": "20.3",
      "symbol": "MEMEFI-USDT",
      "takerOrderId": "6740805568486d00073bb1a3",
      "time": "1732280405699000000",
      "tradeId": "5585551009134593",
      "type": "match",
      "time_before_que.put": "13:00:05.800",
      "seconds_from_release": 5.800761,
      "time_after_queue.get": "13:00:05.800"
    }
  },
  {
    "topic": "/market/match:MEMEFI-USDT",
    "type": "message",
    "subject": "trade.l3match",
    "data": {
      "makerOrderId": "67408054d52cb80007affead",
      "price": "0.78545",
      "sequence": "5585551009134596",
      "side": "sell",
      "size": "11.8",
      "symbol": "MEMEFI-USDT",
      "takerOrderId": "6740805568486d00073bb1a3",
      "time": "1732280405699000000",
      "tradeId": "5585551009134596",
      "type": "match",
      "time_before_que.put": "13:00:05.800",
      "seconds_from_release": 5.800988,
      "time_after_queue.get": "13:00:05.801"
    }
  },
  {
    "topic": "/market/match:MEMEFI-USDT",
    "type": "message",
    "subject": "trade.l3match",
    "data": {
      "makerOrderId": "6740805437061e0007f67c72",
      "price": "0.78545",
      "sequence": "5585551009134599",
      "side": "sell",
      "size": "32.9",
      "symbol": "MEMEFI-USDT",
      "takerOrderId": "6740805568486d00073bb1a3",
      "time": "1732280405699000000",
      "tradeId": "5585551009134599",
      "type": "match",
      "time_before_que.put": "13:00:05.801",
      "seconds_from_release": 5.80123,
      "time_after_queue.get": "13:00:05.801"
    }
  },
  {
    "topic": "/market/match:MEMEFI-USDT",
    "type": "message",
    "subject": "trade.l3match",
    "data": {
      "makerOrderId": "6740805431d0950007dd7491",
      "price": "0.78545",
      "sequence": "5585551009134602",
      "side": "sell",
      "size": "26.4",
      "symbol": "MEMEFI-USDT",
      "takerOrderId": "6740805568486d00073bb1a3",
      "time": "1732280405699000000",
      "tradeId": "5585551009134602",
      "type": "match",
      "time_before_que.put": "13:00:05.801",
      "seconds_from_release": 5.801476,
      "time_after_queue.get": "13:00:05.801"
    }
  },
  {
    "topic": "/market/match:MEMEFI-USDT",
    "type": "message",
    "subject": "trade.l3match",
    "data": {
      "makerOrderId": "67408054f4f12000076b0bd6",
      "price": "0.78545",
      "sequence": "5585551009134605",
      "side": "sell",
      "size": "12.7",
      "symbol": "MEMEFI-USDT",
      "takerOrderId": "6740805568486d00073bb1a3",
      "time": "1732280405699000000",
      "tradeId": "5585551009134605",
      "type": "match",
      "time_before_que.put": "13:00:05.801",
      "seconds_from_release": 5.801631,
      "time_after_queue.get": "13:00:05.801"
    }
  },
  {
    "topic": "/market/match:MEMEFI-USDT",
    "type": "message",
    "subject": "trade.l3match",
    "data": {
      "makerOrderId": "67408054df6f6e000726122e",
      "price": "0.78545",
      "sequence": "5585551009134608",
      "side": "sell",
      "size": "12.7",
      "symbol": "MEMEFI-USDT",
      "takerOrderId": "6740805568486d00073bb1a3",
      "time": "1732280405699000000",
      "tradeId": "5585551009134608",
      "type": "match",
      "time_before_que.put": "13:00:05.801",
      "seconds_from_release": 5.801781,
      "time_after_queue.get": "13:00:05.801"
    }
  },
  {
    "topic": "/market/match:MEMEFI-USDT",
    "type": "message",
    "subject": "trade.l3match",
    "data": {
      "makerOrderId": "67408050ae93cc00077a74ab",
      "price": "0.15",
      "sequence": "5585551150168065",
      "side": "sell",
      "size": "200",
      "symbol": "MEMEFI-USDT",
      "takerOrderId": "67408056f15b27000752f481",
      "time": "1732280406075000000",
      "tradeId": "5585551150168065",
      "type": "match",
      "time_before_que.put": "13:00:06.130",
      "seconds_from_release": 6.130603,
      "time_after_queue.get": "13:00:06.130"
    }
  },
  {
    "topic": "/market/match:MEMEFI-USDT",
    "type": "message",
    "subject": "trade.l3match",
    "data": {
      "makerOrderId": "6740805568486d00073bb3aa",
      "price": "0.15",
      "sequence": "5585551150168068",
      "side": "sell",
      "size": "34.3",
      "symbol": "MEMEFI-USDT",
      "takerOrderId": "67408056f15b27000752f481",
      "time": "1732280406075000000",
      "tradeId": "5585551150168068",
      "type": "match",
      "time_before_que.put": "13:00:06.130",
      "seconds_from_release": 6.130759,
      "time_after_queue.get": "13:00:06.130"
    }
  },
  {
    "topic": "/market/match:MEMEFI-USDT",
    "type": "message",
    "subject": "trade.l3match",
    "data": {
      "makerOrderId": "67408056b7e21a0007168b86",
      "price": "0.15",
      "sequence": "5585551150168071",
      "side": "sell",
      "size": "33.3",
      "symbol": "MEMEFI-USDT",
      "takerOrderId": "67408056f15b27000752f481",
      "time": "1732280406075000000",
      "tradeId": "5585551150168071",
      "type": "match",
      "time_before_que.put": "13:00:06.130",
      "seconds_from_release": 6.130869,
      "time_after_queue.get": "13:00:06.131"
    }
  },
  {
    "topic": "/market/match:MEMEFI-USDT",
    "type": "message",
    "subject": "trade.l3match",
    "data": {
      "makerOrderId": "67408057c65bf70007e5b0a7",
      "price": "0.11304",
      "sequence": "5585551641294849",
      "side": "sell",
      "size": "52.9",
      "symbol": "MEMEFI-USDT",
      "takerOrderId": "6740805737061e0007f6960b",
      "time": "1732280407373000000",
      "tradeId": "5585551641294849",
      "type": "match",
      "time_before_que.put": "13:00:07.426",
      "seconds_from_release": 7.426542,
      "time_after_queue.get": "13:00:07.426"
    }
  },
  {
    "topic": "/market/match:MEMEFI-USDT",
    "type": "message",
    "subject": "trade.l3match",
    "data": {
      "makerOrderId": "6740805068486d00073b81c0",
      "price": "0.113",
      "sequence": "5585551641294852",
      "side": "sell",
      "size": "89",
      "symbol": "MEMEFI-USDT",
      "takerOrderId": "6740805737061e0007f6960b",
      "time": "1732280407373000000",
      "tradeId": "5585551641294852",
      "type": "match",
      "time_before_que.put": "13:00:07.426",
      "seconds_from_release": 7.426721,
      "time_after_queue.get": "13:00:07.426"
    }
  },
  {
    "topic": "/market/match:MEMEFI-USDT",
    "type": "message",
    "subject": "trade.l3match",
    "data": {
      "makerOrderId": "674080501586c1000750a836",
      "price": "0.08",
      "sequence": "5585551740909569",
      "side": "sell",
      "size": "100",
      "symbol": "MEMEFI-USDT",
      "takerOrderId": "6740805731d0950007dd8f8f",
      "time": "1732280407693000000",
      "tradeId": "5585551740909569",
      "type": "match",
      "time_before_que.put": "13:00:07.742",
      "seconds_from_release": 7.742656,
      "time_after_queue.get": "13:00:07.743"
    }
  },
  {
    "topic": "/market/match:MEMEFI-USDT",
    "type": "message",
    "subject": "trade.l3match",
    "data": {
      "makerOrderId": "67408057f4a7c500074ca92c",
      "price": "0.16",
      "sequence": "5585552080517121",
      "side": "sell",
      "size": "312.5",
      "symbol": "MEMEFI-USDT",
      "takerOrderId": "67408058088f0100075ab2c0",
      "time": "1732280408289000000",
      "tradeId": "5585552080517121",
      "type": "match",
      "time_before_que.put": "13:00:08.502",
      "seconds_from_release": 8.502799,
      "time_after_queue.get": "13:00:08.503"
    }
  },
  {
    "topic": "/market/match:MEMEFI-USDT",
    "type": "message",
    "subject": "trade.l3match",
    "data": {
      "makerOrderId": "67408056ae93cc00077aaa5c",
      "price": "0.03006",
      "sequence": "5585552083924993",
      "side": "sell",
      "size": "61.9",
      "symbol": "MEMEFI-USDT",
      "takerOrderId": "674080586967d30007b5f412",
      "time": "1732280408300000000",
      "tradeId": "5585552083924993",
      "type": "match",
      "time_before_que.put": "13:00:08.503",
      "seconds_from_release": 8.503022,
      "time_after_queue.get": "13:00:08.503"
    }
  },
  {
    "topic": "/market/match:MEMEFI-USDT",
    "type": "message",
    "subject": "trade.l3match",
    "data": {
      "makerOrderId": "674080560d85530007d147fd",
      "price": "0.03006",
      "sequence": "5585552083924996",
      "side": "sell",
      "size": "3898.5",
      "symbol": "MEMEFI-USDT",
      "takerOrderId": "674080586967d30007b5f412",
      "time": "1732280408300000000",
      "tradeId": "5585552083924996",
      "type": "match",
      "time_before_que.put": "13:00:08.503",
      "seconds_from_release": 8.503177,
      "time_after_queue.get": "13:00:08.503"
    }
  },
  {
    "topic": "/market/match:MEMEFI-USDT",
    "type": "message",
    "subject": "trade.l3match",
    "data": {
      "makerOrderId": "67408057b7e21a0007169940",
      "price": "0.73336",
      "sequence": "5585552104110081",
      "side": "buy",
      "size": "26.3",
      "symbol": "MEMEFI-USDT",
      "takerOrderId": "67408058088f0100075ab35b",
      "time": "1732280408354000000",
      "tradeId": "5585552104110081",
      "type": "match",
      "time_before_que.put": "13:00:08.503",
      "seconds_from_release": 8.50327,
      "time_after_queue.get": "13:00:08.503"
    }
  },
  {
    "topic": "/market/match:MEMEFI-USDT",
    "type": "message",
    "subject": "trade.l3match",
    "data": {
      "makerOrderId": "674080574fe7460007ad0ab5",
      "price": "0.7334",
      "sequence": "5585552104110084",
      "side": "buy",
      "size": "8.5",
      "symbol": "MEMEFI-USDT",
      "takerOrderId": "67408058088f0100075ab35b",
      "time": "1732280408354000000",
      "tradeId": "5585552104110084",
      "type": "match",
      "time_before_que.put": "13:00:08.503",
      "seconds_from_release": 8.503361,
      "time_after_queue.get": "13:00:08.503"
    }
  },
  {
    "topic": "/market/match:MEMEFI-USDT",
    "type": "message",
    "subject": "trade.l3match",
    "data": {
      "makerOrderId": "67408058df6f6e00072630e7",
      "price": "0.16004",
      "sequence": "5585552163485697",
      "side": "sell",
      "size": "18.7",
      "symbol": "MEMEFI-USDT",
      "takerOrderId": "67408058f4a7c500074cb211",
      "time": "1732280408504000000",
      "tradeId": "5585552163485697",
      "type": "match",
      "time_before_que.put": "13:00:08.776",
      "seconds_from_release": 8.77619,
      "time_after_queue.get": "13:00:08.776"
    }
  },
  {
    "topic": "/market/match:MEMEFI-USDT",
    "type": "message",
    "subject": "trade.l3match",
    "data": {
      "makerOrderId": "674080560d85530007d147fd",
      "price": "0.03006",
      "sequence": "5585552213161985",
      "side": "sell",
      "size": "3196.6",
      "symbol": "MEMEFI-USDT",
      "takerOrderId": "6740805837061e0007f6a28b",
      "time": "1732280408641000000",
      "tradeId": "5585552213161985",
      "type": "match",
      "time_before_que.put": "13:00:08.776",
      "seconds_from_release": 8.776468,
      "time_after_queue.get": "13:00:08.776"
    }
  },
  {
    "topic": "/market/match:MEMEFI-USDT",
    "type": "message",
    "subject": "trade.l3match",
    "data": {
      "makerOrderId": "674080560d85530007d147fd",
      "price": "0.03006",
      "sequence": "5585552253794305",
      "side": "sell",
      "size": "2407.9",
      "symbol": "MEMEFI-USDT",
      "takerOrderId": "674080586967d30007b5f809",
      "time": "1732280408764000000",
      "tradeId": "5585552253794305",
      "type": "match",
      "time_before_que.put": "13:00:09.010",
      "seconds_from_release": 9.010475,
      "time_after_queue.get": "13:00:09.010"
    }
  },
  {
    "topic": "/market/match:MEMEFI-USDT",
    "type": "message",
    "subject": "trade.l3match",
    "data": {
      "makerOrderId": "67408058c65bf70007e5ba13",
      "price": "0.03006",
      "sequence": "5585552253794308",
      "side": "sell",
      "size": "35.5",
      "symbol": "MEMEFI-USDT",
      "takerOrderId": "674080586967d30007b5f809",
      "time": "1732280408764000000",
      "tradeId": "5585552253794308",
      "type": "match",
      "time_before_que.put": "13:00:09.010",
      "seconds_from_release": 9.010609,
      "time_after_queue.get": "13:00:09.010"
    }
  },
  {
    "topic": "/market/match:MEMEFI-USDT",
    "type": "message",
    "subject": "trade.l3match",
    "data": {
      "makerOrderId": "67408059b7e21a000716a8bc",
      "price": "0.03",
      "sequence": "5585552732600321",
      "side": "buy",
      "size": "45.2",
      "symbol": "MEMEFI-USDT",
      "takerOrderId": "6740805adf6f6e0007263bf9",
      "time": "1732280410070000000",
      "tradeId": "5585552732600321",
      "type": "match",
      "time_before_que.put": "13:00:10.124",
      "seconds_from_release": 10.124634,
      "time_after_queue.get": "13:00:10.125"
    }
  },
  {
    "topic": "/market/match:MEMEFI-USDT",
    "type": "message",
    "subject": "trade.l3match",
    "data": {
      "makerOrderId": "674080586967d30007b5f809",
      "price": "0.03006",
      "sequence": "5585552732600324",
      "side": "buy",
      "size": "287.4",
      "symbol": "MEMEFI-USDT",
      "takerOrderId": "6740805adf6f6e0007263bf9",
      "time": "1732280410070000000",
      "tradeId": "5585552732600324",
      "type": "match",
      "time_before_que.put": "13:00:10.125",
      "seconds_from_release": 10.125078,
      "time_after_queue.get": "13:00:10.125"
    }
  },
  {
    "id": "1732280410938",
    "type": "pong",
    "timestamp": 1732280410979247
  },
  {
    "topic": "/market/match:MEMEFI-USDT",
    "type": "message",
    "subject": "trade.l3match",
    "data": {
      "makerOrderId": "674080586967d30007b5f809",
      "price": "0.03006",
      "sequence": "5585553156749313",
      "side": "buy",
      "size": "2207.4",
      "symbol": "MEMEFI-USDT",
      "takerOrderId": "6740805b1586c100075101f5",
      "time": "1732280411224000000",
      "tradeId": "5585553156749313",
      "type": "match",
      "time_before_que.put": "13:00:11.275",
      "seconds_from_release": 11.275905,
      "time_after_queue.get": "13:00:11.276"
    }
  },
  {
    "topic": "/market/match:MEMEFI-USDT",
    "type": "message",
    "subject": "trade.l3match",
    "data": {
      "makerOrderId": "67408059b7e21a000716a66f",
      "price": "0.03006",
      "sequence": "5585553156749316",
      "side": "buy",
      "size": "214.4",
      "symbol": "MEMEFI-USDT",
      "takerOrderId": "6740805b1586c100075101f5",
      "time": "1732280411224000000",
      "tradeId": "5585553156749316",
      "type": "match",
      "time_before_que.put": "13:00:11.276",
      "seconds_from_release": 11.276055,
      "time_after_queue.get": "13:00:11.276"
    }
  },
  {
    "topic": "/market/match:MEMEFI-USDT",
    "type": "message",
    "subject": "trade.l3match",
    "data": {
      "makerOrderId": "6740805967cdc90007fdfe58",
      "price": "0.03006",
      "sequence": "5585553156749319",
      "side": "buy",
      "size": "937.6",
      "symbol": "MEMEFI-USDT",
      "takerOrderId": "6740805b1586c100075101f5",
      "time": "1732280411224000000",
      "tradeId": "5585553156749319",
      "type": "match",
      "time_before_que.put": "13:00:11.276",
      "seconds_from_release": 11.276203,
      "time_after_queue.get": "13:00:11.276"
    }
  },
  {
    "topic": "/market/match:MEMEFI-USDT",
    "type": "message",
    "subject": "trade.l3match",
    "data": {
      "makerOrderId": "674080590d85530007d16144",
      "price": "0.03006",
      "sequence": "5585553156749322",
      "side": "buy",
      "size": "3655.8",
      "symbol": "MEMEFI-USDT",
      "takerOrderId": "6740805b1586c100075101f5",
      "time": "1732280411224000000",
      "tradeId": "5585553156749322",
      "type": "match",
      "time_before_que.put": "13:00:11.276",
      "seconds_from_release": 11.27634,
      "time_after_queue.get": "13:00:11.276"
    }
  },
  {
    "topic": "/market/match:MEMEFI-USDT",
    "type": "message",
    "subject": "trade.l3match",
    "data": {
      "makerOrderId": "674080590d85530007d16144",
      "price": "0.03006",
      "sequence": "5585553343526913",
      "side": "buy",
      "size": "21",
      "symbol": "MEMEFI-USDT",
      "takerOrderId": "6740805bf4f12000076b47ee",
      "time": "1732280411613000000",
      "tradeId": "5585553343526913",
      "type": "match",
      "time_before_que.put": "13:00:11.684",
      "seconds_from_release": 11.684209,
      "time_after_queue.get": "13:00:11.684"
    }
  },
  {
    "topic": "/market/match:MEMEFI-USDT",
    "type": "message",
    "subject": "trade.l3match",
    "data": {
      "makerOrderId": "6740805bd52cb80007b038d8",
      "price": "0.02001",
      "sequence": "5585553352570881",
      "side": "sell",
      "size": "308.1",
      "symbol": "MEMEFI-USDT",
      "takerOrderId": "6740805bc5ba7400073ac31f",
      "time": "1732280411640000000",
      "tradeId": "5585553352570881",
      "type": "match",
      "time_before_que.put": "13:00:11.713",
      "seconds_from_release": 11.713485,
      "time_after_queue.get": "13:00:11.713"
    }
  },
  {
    "topic": "/market/match:MEMEFI-USDT",
    "type": "message",
    "subject": "trade.l3match",
    "data": {
      "makerOrderId": "67408050ae93cc00077a6ed0",
      "price": "0.02",
      "sequence": "5585553352570884",
      "side": "sell",
      "size": "500",
      "symbol": "MEMEFI-USDT",
      "takerOrderId": "6740805bc5ba7400073ac31f",
      "time": "1732280411640000000",
      "tradeId": "5585553352570884",
      "type": "match",
      "time_before_que.put": "13:00:11.713",
      "seconds_from_release": 11.713709,
      "time_after_queue.get": "13:00:11.713"
    }
  },
  {
    "topic": "/market/match:MEMEFI-USDT",
    "type": "message",
    "subject": "trade.l3match",
    "data": {
      "makerOrderId": "67408050ae93cc00077a6fcd",
      "price": "0.02",
      "sequence": "5585553352570887",
      "side": "sell",
      "size": "2409",
      "symbol": "MEMEFI-USDT",
      "takerOrderId": "6740805bc5ba7400073ac31f",
      "time": "1732280411640000000",
      "tradeId": "5585553352570887",
      "type": "match",
      "time_before_que.put": "13:00:11.713",
      "seconds_from_release": 11.713885,
      "time_after_queue.get": "13:00:11.714"
    }
  },
  {
    "topic": "/market/match:MEMEFI-USDT",
    "type": "message",
    "subject": "trade.l3match",
    "data": {
      "makerOrderId": "674080590d85530007d16144",
      "price": "0.03006",
      "sequence": "5585553564907521",
      "side": "buy",
      "size": "39869",
      "symbol": "MEMEFI-USDT",
      "takerOrderId": "6740805ccf286a0007f19928",
      "time": "1732280412026000000",
      "tradeId": "5585553564907521",
      "type": "match",
      "time_before_que.put": "13:00:12.087",
      "seconds_from_release": 12.087622,
      "time_after_queue.get": "13:00:12.087"
    }
  },
  {
    "topic": "/market/match:MEMEFI-USDT",
    "type": "message",
    "subject": "trade.l3match",
    "data": {
      "makerOrderId": "6740805a68486d00073bd9c8",
      "price": "0.03006",
      "sequence": "5585553564907524",
      "side": "buy",
      "size": "3377.8",
      "symbol": "MEMEFI-USDT",
      "takerOrderId": "6740805ccf286a0007f19928",
      "time": "1732280412026000000",
      "tradeId": "5585553564907524",
      "type": "match",
      "time_before_que.put": "13:00:12.087",
      "seconds_from_release": 12.087763,
      "time_after_queue.get": "13:00:12.087"
    }
  },
  {
    "topic": "/market/match:MEMEFI-USDT",
    "type": "message",
    "subject": "trade.l3match",
    "data": {
      "makerOrderId": "6740805a68486d00073bd9c8",
      "price": "0.03006",
      "sequence": "5585553586665473",
      "side": "buy",
      "size": "32.7",
      "symbol": "MEMEFI-USDT",
      "takerOrderId": "6740805c68486d00073be692",
      "time": "1732280412075000000",
      "tradeId": "5585553586665473",
      "type": "match",
      "time_before_que.put": "13:00:12.134",
      "seconds_from_release": 12.134851,
      "time_after_queue.get": "13:00:12.135"
    }
  },
  {
    "topic": "/market/match:MEMEFI-USDT",
    "type": "message",
    "subject": "trade.l3match",
    "data": {
      "makerOrderId": "6740805a68486d00073bd9c8",
      "price": "0.03006",
      "sequence": "5585553588893697",
      "side": "buy",
      "size": "3881.2",
      "symbol": "MEMEFI-USDT",
      "takerOrderId": "6740805cf1bf400007469ac5",
      "time": "1732280412079000000",
      "tradeId": "5585553588893697",
      "type": "match",
      "time_before_que.put": "13:00:12.135",
      "seconds_from_release": 12.135055,
      "time_after_queue.get": "13:00:12.135"
    }
  },
  {
    "topic": "/market/match:MEMEFI-USDT",
    "type": "message",
    "subject": "trade.l3match",
    "data": {
      "makerOrderId": "6740805ad52cb80007b034ce",
      "price": "0.03006",
      "sequence": "5585553588893700",
      "side": "buy",
      "size": "3975.7",
      "symbol": "MEMEFI-USDT",
      "takerOrderId": "6740805cf1bf400007469ac5",
      "time": "1732280412079000000",
      "tradeId": "5585553588893700",
      "type": "match",
      "time_before_que.put": "13:00:12.135",
      "seconds_from_release": 12.135254,
      "time_after_queue.get": "13:00:12.135"
    }
  },
  {
    "topic": "/market/match:MEMEFI-USDT",
    "type": "message",
    "subject": "trade.l3match",
    "data": {
      "makerOrderId": "6740805b31d0950007ddadff",
      "price": "0.03006",
      "sequence": "5585553588893703",
      "side": "buy",
      "size": "690.7",
      "symbol": "MEMEFI-USDT",
      "takerOrderId": "6740805cf1bf400007469ac5",
      "time": "1732280412079000000",
      "tradeId": "5585553588893703",
      "type": "match",
      "time_before_que.put": "13:00:12.135",
      "seconds_from_release": 12.135387,
      "time_after_queue.get": "13:00:12.135"
    }
  },
  {
    "topic": "/market/match:MEMEFI-USDT",
    "type": "message",
    "subject": "trade.l3match",
    "data": {
      "makerOrderId": "6740805b088f0100075ac9c6",
      "price": "0.03006",
      "sequence": "5585553588893706",
      "side": "buy",
      "size": "22155.5",
      "symbol": "MEMEFI-USDT",
      "takerOrderId": "6740805cf1bf400007469ac5",
      "time": "1732280412079000000",
      "tradeId": "5585553588893706",
      "type": "match",
      "time_before_que.put": "13:00:12.135",
      "seconds_from_release": 12.135487,
      "time_after_queue.get": "13:00:12.135"
    }
  },
  {
    "topic": "/market/match:MEMEFI-USDT",
    "type": "message",
    "subject": "trade.l3match",
    "data": {
      "makerOrderId": "6740805bc65bf70007e5d455",
      "price": "0.03006",
      "sequence": "5585553588893709",
      "side": "buy",
      "size": "24760.7",
      "symbol": "MEMEFI-USDT",
      "takerOrderId": "6740805cf1bf400007469ac5",
      "time": "1732280412079000000",
      "tradeId": "5585553588893709",
      "type": "match",
      "time_before_que.put": "13:00:12.135",
      "seconds_from_release": 12.13561,
      "time_after_queue.get": "13:00:12.135"
    }
  },
  {
    "topic": "/market/match:MEMEFI-USDT",
    "type": "message",
    "subject": "trade.l3match",
    "data": {
      "makerOrderId": "674080590d85530007d15d77",
      "price": "0.03007",
      "sequence": "5585553588893712",
      "side": "buy",
      "size": "178",
      "symbol": "MEMEFI-USDT",
      "takerOrderId": "6740805cf1bf400007469ac5",
      "time": "1732280412079000000",
      "tradeId": "5585553588893712",
      "type": "match",
      "time_before_que.put": "13:00:12.135",
      "seconds_from_release": 12.1357,
      "time_after_queue.get": "13:00:12.135"
    }
  },
  {
    "topic": "/market/match:MEMEFI-USDT",
    "type": "message",
    "subject": "trade.l3match",
    "data": {
      "makerOrderId": "6740805bd52cb80007b03d0b",
      "price": "0.03007",
      "sequence": "5585553588893715",
      "side": "buy",
      "size": "308.1",
      "symbol": "MEMEFI-USDT",
      "takerOrderId": "6740805cf1bf400007469ac5",
      "time": "1732280412079000000",
      "tradeId": "5585553588893715",
      "type": "match",
      "time_before_que.put": "13:00:12.135",
      "seconds_from_release": 12.135796,
      "time_after_queue.get": "13:00:12.135"
    }
  },
  {
    "topic": "/market/match:MEMEFI-USDT",
    "type": "message",
    "subject": "trade.l3match",
    "data": {
      "makerOrderId": "6740805cf1bf400007469ac5",
      "price": "0.032",
      "sequence": "5585553626511361",
      "side": "sell",
      "size": "7937.4",
      "symbol": "MEMEFI-USDT",
      "takerOrderId": "6740805cc5ba7400073ac81c",
      "time": "1732280412168000000",
      "tradeId": "5585553626511361",
      "type": "match",
      "time_before_que.put": "13:00:12.294",
      "seconds_from_release": 12.294455,
      "time_after_queue.get": "13:00:12.294"
    }
  },
  {
    "topic": "/market/match:MEMEFI-USDT",
    "type": "message",
    "subject": "trade.l3match",
    "data": {
      "makerOrderId": "6740805cc65bf70007e5dc43",
      "price": "0.03641",
      "sequence": "5585554051971073",
      "side": "sell",
      "size": "236.7",
      "symbol": "MEMEFI-USDT",
      "takerOrderId": "6740805d0d85530007d17ecd",
      "time": "1732280413246000000",
      "tradeId": "5585554051971073",
      "type": "match",
      "time_before_que.put": "13:00:13.305",
      "seconds_from_release": 13.305562,
      "time_after_queue.get": "13:00:13.305"
    }
  },
  {
    "topic": "/market/match:MEMEFI-USDT",
    "type": "message",
    "subject": "trade.l3match",
    "data": {
      "makerOrderId": "6740805c6967d30007b61448",
      "price": "0.03201",
      "sequence": "5585554119735297",
      "side": "sell",
      "size": "3124",
      "symbol": "MEMEFI-USDT",
      "takerOrderId": "6740805dae93cc00077ae3a8",
      "time": "1732280413390000000",
      "tradeId": "5585554119735297",
      "type": "match",
      "time_before_que.put": "13:00:13.465",
      "seconds_from_release": 13.465616,
      "time_after_queue.get": "13:00:13.465"
    }
  },
  {
    "topic": "/market/match:MEMEFI-USDT",
    "type": "message",
    "subject": "trade.l3match",
    "data": {
      "makerOrderId": "6740805cd52cb80007b0401b",
      "price": "0.03006",
      "sequence": "5585554119735300",
      "side": "sell",
      "size": "53.4",
      "symbol": "MEMEFI-USDT",
      "takerOrderId": "6740805dae93cc00077ae3a8",
      "time": "1732280413390000000",
      "tradeId": "5585554119735300",
      "type": "match",
      "time_before_que.put": "13:00:13.465",
      "seconds_from_release": 13.465779,
      "time_after_queue.get": "13:00:13.465"
    }
  },
  {
    "topic": "/market/match:MEMEFI-USDT",
    "type": "message",
    "subject": "trade.l3match",
    "data": {
      "makerOrderId": "6740805c68486d00073be932",
      "price": "0.03006",
      "sequence": "5585554119735303",
      "side": "sell",
      "size": "3125.6",
      "symbol": "MEMEFI-USDT",
      "takerOrderId": "6740805dae93cc00077ae3a8",
      "time": "1732280413390000000",
      "tradeId": "5585554119735303",
      "type": "match",
      "time_before_que.put": "13:00:13.465",
      "seconds_from_release": 13.465901,
      "time_after_queue.get": "13:00:13.465"
    }
  },
  {
    "topic": "/market/match:MEMEFI-USDT",
    "type": "message",
    "subject": "trade.l3match",
    "data": {
      "makerOrderId": "6740805c4fe7460007ad36db",
      "price": "0.03006",
      "sequence": "5585554119735306",
      "side": "sell",
      "size": "2063.1",
      "symbol": "MEMEFI-USDT",
      "takerOrderId": "6740805dae93cc00077ae3a8",
      "time": "1732280413390000000",
      "tradeId": "5585554119735306",
      "type": "match",
      "time_before_que.put": "13:00:13.466",
      "seconds_from_release": 13.466042,
      "time_after_queue.get": "13:00:13.466"
    }
  },
  {
    "topic": "/market/match:MEMEFI-USDT",
    "type": "message",
    "subject": "trade.l3match",
    "data": {
      "makerOrderId": "67408058ae93cc00077abe91",
      "price": "0.113",
      "sequence": "5585554152896513",
      "side": "buy",
      "size": "52.6",
      "symbol": "MEMEFI-USDT",
      "takerOrderId": "6740805df4f12000076b59c4",
      "time": "1732280413469000000",
      "tradeId": "5585554152896513",
      "type": "match",
      "time_before_que.put": "13:00:13.624",
      "seconds_from_release": 13.624896,
      "time_after_queue.get": "13:00:13.625"
    }
  },
  {
    "topic": "/market/match:MEMEFI-USDT",
    "type": "message",
    "subject": "trade.l3match",
    "data": {
      "makerOrderId": "67408058ae93cc00077abe91",
      "price": "0.113",
      "sequence": "5585554265225217",
      "side": "buy",
      "size": "96.6",
      "symbol": "MEMEFI-USDT",
      "takerOrderId": "6740805dc5ba7400073ad734",
      "time": "1732280413789000000",
      "tradeId": "5585554265225217",
      "type": "match",
      "time_before_que.put": "13:00:13.845",
      "seconds_from_release": 13.845669,
      "time_after_queue.get": "13:00:13.845"
    }
  },
  {
    "topic": "/market/match:MEMEFI-USDT",
    "type": "message",
    "subject": "trade.l3match",
    "data": {
      "makerOrderId": "6740805e67cdc90007fe278a",
      "price": "0.03772",
      "sequence": "5585554410584065",
      "side": "sell",
      "size": "132.5",
      "symbol": "MEMEFI-USDT",
      "takerOrderId": "6740805e31d0950007ddc6c1",
      "time": "1732280414086000000",
      "tradeId": "5585554410584065",
      "type": "match",
      "time_before_que.put": "13:00:14.138",
      "seconds_from_release": 14.138816,
      "time_after_queue.get": "13:00:14.138"
    }
  },
  {
    "topic": "/market/match:MEMEFI-USDT",
    "type": "message",
    "subject": "trade.l3match",
    "data": {
      "makerOrderId": "6740805ddf6f6e0007265d66",
      "price": "0.03771",
      "sequence": "5585554410584068",
      "side": "sell",
      "size": "1338.6",
      "symbol": "MEMEFI-USDT",
      "takerOrderId": "6740805e31d0950007ddc6c1",
      "time": "1732280414086000000",
      "tradeId": "5585554410584068",
      "type": "match",
      "time_before_que.put": "13:00:14.138",
      "seconds_from_release": 14.138999,
      "time_after_queue.get": "13:00:14.139"
    }
  },
  {
    "topic": "/market/match:MEMEFI-USDT",
    "type": "message",
    "subject": "trade.l3match",
    "data": {
      "makerOrderId": "6740805d0d85530007d18572",
      "price": "0.03771",
      "sequence": "5585554410584071",
      "side": "sell",
      "size": "2677.3",
      "symbol": "MEMEFI-USDT",
      "takerOrderId": "6740805e31d0950007ddc6c1",
      "time": "1732280414086000000",
      "tradeId": "5585554410584071",
      "type": "match",
      "time_before_que.put": "13:00:14.139",
      "seconds_from_release": 14.139157,
      "time_after_queue.get": "13:00:14.139"
    }
  },
  {
    "topic": "/market/match:MEMEFI-USDT",
    "type": "message",
    "subject": "trade.l3match",
    "data": {
      "makerOrderId": "6740805d37061e0007f6ccaa",
      "price": "0.0377",
      "sequence": "5585554410584074",
      "side": "sell",
      "size": "1530.7",
      "symbol": "MEMEFI-USDT",
      "takerOrderId": "6740805e31d0950007ddc6c1",
      "time": "1732280414086000000",
      "tradeId": "5585554410584074",
      "type": "match",
      "time_before_que.put": "13:00:14.139",
      "seconds_from_release": 14.139293,
      "time_after_queue.get": "13:00:14.139"
    }
  },
  {
    "topic": "/market/match:MEMEFI-USDT",
    "type": "message",
    "subject": "trade.l3match",
    "data": {
      "makerOrderId": "6740805edf6f6e0007265fe5",
      "price": "0.03901",
      "sequence": "5585554460915713",
      "side": "sell",
      "size": "1338.6",
      "symbol": "MEMEFI-USDT",
      "takerOrderId": "6740805ec5ba7400073adb6b",
      "time": "1732280414245000000",
      "tradeId": "5585554460915713",
      "type": "match",
      "time_before_que.put": "13:00:14.321",
      "seconds_from_release": 14.321148,
      "time_after_queue.get": "13:00:14.321"
    }
  },
  {
    "topic": "/market/match:MEMEFI-USDT",
    "type": "message",
    "subject": "trade.l3match",
    "data": {
      "makerOrderId": "6740805e31d0950007ddc7e5",
      "price": "0.03901",
      "sequence": "5585554460915716",
      "side": "sell",
      "size": "88.4",
      "symbol": "MEMEFI-USDT",
      "takerOrderId": "6740805ec5ba7400073adb6b",
      "time": "1732280414245000000",
      "tradeId": "5585554460915716",
      "type": "match",
      "time_before_que.put": "13:00:14.321",
      "seconds_from_release": 14.321413,
      "time_after_queue.get": "13:00:14.321"
    }
  },
  {
    "topic": "/market/match:MEMEFI-USDT",
    "type": "message",
    "subject": "trade.l3match",
    "data": {
      "makerOrderId": "6740805e31d0950007ddc7e5",
      "price": "0.03901",
      "sequence": "5585554465765377",
      "side": "sell",
      "size": "2588.9",
      "symbol": "MEMEFI-USDT",
      "takerOrderId": "6740805ef1bf40000746adf4",
      "time": "1732280414260000000",
      "tradeId": "5585554465765377",
      "type": "match",
      "time_before_que.put": "13:00:14.321",
      "seconds_from_release": 14.321547,
      "time_after_queue.get": "13:00:14.321"
    }
  },
  {
    "topic": "/market/match:MEMEFI-USDT",
    "type": "message",
    "subject": "trade.l3match",
    "data": {
      "makerOrderId": "6740805e31d0950007ddc746",
      "price": "0.039",
      "sequence": "5585554465765380",
      "side": "sell",
      "size": "1031.3",
      "symbol": "MEMEFI-USDT",
      "takerOrderId": "6740805ef1bf40000746adf4",
      "time": "1732280414260000000",
      "tradeId": "5585554465765380",
      "type": "match",
      "time_before_que.put": "13:00:14.321",
      "seconds_from_release": 14.321638,
      "time_after_queue.get": "13:00:14.321"
    }
  },
  {
    "topic": "/market/match:MEMEFI-USDT",
    "type": "message",
    "subject": "trade.l3match",
    "data": {
      "makerOrderId": "6740805e31d0950007ddc746",
      "price": "0.039",
      "sequence": "5585554475857921",
      "side": "sell",
      "size": "4167.4",
      "symbol": "MEMEFI-USDT",
      "takerOrderId": "6740805e4fe7460007ad4509",
      "time": "1732280414290000000",
      "tradeId": "5585554475857921",
      "type": "match",
      "time_before_que.put": "13:00:14.414",
      "seconds_from_release": 14.414607,
      "time_after_queue.get": "13:00:14.414"
    }
  },
  {
    "topic": "/market/match:MEMEFI-USDT",
    "type": "message",
    "subject": "trade.l3match",
    "data": {
      "makerOrderId": "6740805ec65bf70007e5ef78",
      "price": "0.05237",
      "sequence": "5585554625411073",
      "side": "buy",
      "size": "1338.6",
      "symbol": "MEMEFI-USDT",
      "takerOrderId": "6740805e6967d30007b628ec",
      "time": "1732280414753000000",
      "tradeId": "5585554625411073",
      "type": "match",
      "time_before_que.put": "13:00:14.867",
      "seconds_from_release": 14.867933,
      "time_after_queue.get": "13:00:14.868"
    }
  },
  {
    "topic": "/market/match:MEMEFI-USDT",
    "type": "message",
    "subject": "trade.l3match",
    "data": {
      "makerOrderId": "6740805e68486d00073bfd74",
      "price": "0.05238",
      "sequence": "5585554625411076",
      "side": "buy",
      "size": "89.9",
      "symbol": "MEMEFI-USDT",
      "takerOrderId": "6740805e6967d30007b628ec",
      "time": "1732280414753000000",
      "tradeId": "5585554625411076",
      "type": "match",
      "time_before_que.put": "13:00:14.868",
      "seconds_from_release": 14.86821,
      "time_after_queue.get": "13:00:14.868"
    }
  },
  {
    "topic": "/market/match:MEMEFI-USDT",
    "type": "message",
    "subject": "trade.l3match",
    "data": {
      "makerOrderId": "6740805e6967d30007b627bc",
      "price": "0.04164",
      "sequence": "5585554661455873",
      "side": "sell",
      "size": "212",
      "symbol": "MEMEFI-USDT",
      "takerOrderId": "6740805ec65bf70007e5f00e",
      "time": "1732280414854000000",
      "tradeId": "5585554661455873",
      "type": "match",
      "time_before_que.put": "13:00:14.923",
      "seconds_from_release": 14.923928,
      "time_after_queue.get": "13:00:14.924"
    }
  },
  {
    "topic": "/market/match:MEMEFI-USDT",
    "type": "message",
    "subject": "trade.l3match",
    "data": {
      "makerOrderId": "6740805ed52cb80007b054ba",
      "price": "0.04161",
      "sequence": "5585554661455876",
      "side": "sell",
      "size": "1338.6",
      "symbol": "MEMEFI-USDT",
      "takerOrderId": "6740805ec65bf70007e5f00e",
      "time": "1732280414854000000",
      "tradeId": "5585554661455876",
      "type": "match",
      "time_before_que.put": "13:00:14.924",
      "seconds_from_release": 14.924266,
      "time_after_queue.get": "13:00:14.925"
    }
  },
  {
    "topic": "/market/match:MEMEFI-USDT",
    "type": "message",
    "subject": "trade.l3match",
    "data": {
      "makerOrderId": "6740805ec5ba7400073adc8b",
      "price": "0.0416",
      "sequence": "5585554661455879",
      "side": "sell",
      "size": "12019.2",
      "symbol": "MEMEFI-USDT",
      "takerOrderId": "6740805ec65bf70007e5f00e",
      "time": "1732280414854000000",
      "tradeId": "5585554661455879",
      "type": "match",
      "time_before_que.put": "13:00:14.924",
      "seconds_from_release": 14.924937,
      "time_after_queue.get": "13:00:14.925"
    }
  },
  {
    "topic": "/market/match:MEMEFI-USDT",
    "type": "message",
    "subject": "trade.l3match",
    "data": {
      "makerOrderId": "6740805eae93cc00077aeb0c",
      "price": "0.0403",
      "sequence": "5585554661455882",
      "side": "sell",
      "size": "12406.9",
      "symbol": "MEMEFI-USDT",
      "takerOrderId": "6740805ec65bf70007e5f00e",
      "time": "1732280414854000000",
      "tradeId": "5585554661455882",
      "type": "match",
      "time_before_que.put": "13:00:14.925",
      "seconds_from_release": 14.925144,
      "time_after_queue.get": "13:00:14.925"
    }
  },
  {
    "topic": "/market/match:MEMEFI-USDT",
    "type": "message",
    "subject": "trade.l3match",
    "data": {
      "makerOrderId": "6740805e31d0950007ddc746",
      "price": "0.039",
      "sequence": "5585554661455885",
      "side": "sell",
      "size": "1607.6",
      "symbol": "MEMEFI-USDT",
      "takerOrderId": "6740805ec65bf70007e5f00e",
      "time": "1732280414854000000",
      "tradeId": "5585554661455885",
      "type": "match",
      "time_before_que.put": "13:00:14.925",
      "seconds_from_release": 14.925329,
      "time_after_queue.get": "13:00:14.925"
    }
  },
  {
    "topic": "/market/match:MEMEFI-USDT",
    "type": "message",
    "subject": "trade.l3match",
    "data": {
      "makerOrderId": "6740805ed52cb80007b0560e",
      "price": "0.03465",
      "sequence": "5585554829621251",
      "side": "sell",
      "size": "4329",
      "symbol": "MEMEFI-USDT",
      "takerOrderId": "6740805f68486d00073c020b",
      "time": "1732280415221000000",
      "tradeId": "5585554829621251",
      "type": "match",
      "time_before_que.put": "13:00:15.268",
      "seconds_from_release": 15.268792,
      "time_after_queue.get": "13:00:15.268"
    }
  },
  {
    "topic": "/market/match:MEMEFI-USDT",
    "type": "message",
    "subject": "trade.l3match",
    "data": {
      "makerOrderId": "6740805f088f0100075aee79",
      "price": "0.052",
      "sequence": "5585554936707073",
      "side": "sell",
      "size": "3026.5",
      "symbol": "MEMEFI-USDT",
      "takerOrderId": "6740805ff4a7c500074cec7d",
      "time": "1732280415449000000",
      "tradeId": "5585554936707073",
      "type": "match",
      "time_before_que.put": "13:00:15.499",
      "seconds_from_release": 15.499498,
      "time_after_queue.get": "13:00:15.499"
    }
  },
  {
    "topic": "/market/match:MEMEFI-USDT",
    "type": "message",
    "subject": "trade.l3match",
    "data": {
      "makerOrderId": "6740805fae93cc00077af613",
      "price": "0.05232",
      "sequence": "5585554968426497",
      "side": "buy",
      "size": "105.6",
      "symbol": "MEMEFI-USDT",
      "takerOrderId": "6740805ff15b2700075345c5",
      "time": "1732280415530000000",
      "tradeId": "5585554968426497",
      "type": "match",
      "time_before_que.put": "13:00:15.582",
      "seconds_from_release": 15.582787,
      "time_after_queue.get": "13:00:15.583"
    }
  },
  {
    "topic": "/market/match:MEMEFI-USDT",
    "type": "message",
    "subject": "trade.l3match",
    "data": {
      "makerOrderId": "6740805f37061e0007f6da7b",
      "price": "0.05236",
      "sequence": "5585554968426500",
      "side": "buy",
      "size": "1338.6",
      "symbol": "MEMEFI-USDT",
      "takerOrderId": "6740805ff15b2700075345c5",
      "time": "1732280415530000000",
      "tradeId": "5585554968426500",
      "type": "match",
      "time_before_que.put": "13:00:15.583",
      "seconds_from_release": 15.583141,
      "time_after_queue.get": "13:00:15.583"
    }
  },
  {
    "topic": "/market/match:MEMEFI-USDT",
    "type": "message",
    "subject": "trade.l3match",
    "data": {
      "makerOrderId": "6740805f1586c10007512893",
      "price": "0.05237",
      "sequence": "5585554968426503",
      "side": "buy",
      "size": "1338.6",
      "symbol": "MEMEFI-USDT",
      "takerOrderId": "6740805ff15b2700075345c5",
      "time": "1732280415530000000",
      "tradeId": "5585554968426503",
      "type": "match",
      "time_before_que.put": "13:00:15.583",
      "seconds_from_release": 15.58342,
      "time_after_queue.get": "13:00:15.583"
    }
  },
  {
    "topic": "/market/match:MEMEFI-USDT",
    "type": "message",
    "subject": "trade.l3match",
    "data": {
      "makerOrderId": "6740805e68486d00073bfd74",
      "price": "0.05238",
      "sequence": "5585554968426506",
      "side": "buy",
      "size": "3034.1",
      "symbol": "MEMEFI-USDT",
      "takerOrderId": "6740805ff15b2700075345c5",
      "time": "1732280415530000000",
      "tradeId": "5585554968426506",
      "type": "match",
      "time_before_que.put": "13:00:15.583",
      "seconds_from_release": 15.583571,
      "time_after_queue.get": "13:00:15.583"
    }
  },
  {
    "topic": "/market/match:MEMEFI-USDT",
    "type": "message",
    "subject": "trade.l3match",
    "data": {
      "makerOrderId": "6740805e4fe7460007ad49cc",
      "price": "0.05238",
      "sequence": "5585554968426509",
      "side": "buy",
      "size": "236.7",
      "symbol": "MEMEFI-USDT",
      "takerOrderId": "6740805ff15b2700075345c5",
      "time": "1732280415530000000",
      "tradeId": "5585554968426509",
      "type": "match",
      "time_before_que.put": "13:00:15.583",
      "seconds_from_release": 15.583719,
      "time_after_queue.get": "13:00:15.583"
    }
  },
  {
    "topic": "/market/match:MEMEFI-USDT",
    "type": "message",
    "subject": "trade.l3match",
    "data": {
      "makerOrderId": "6740805e67cdc90007fe2db3",
      "price": "0.05238",
      "sequence": "5585554968426512",
      "side": "buy",
      "size": "111",
      "symbol": "MEMEFI-USDT",
      "takerOrderId": "6740805ff15b2700075345c5",
      "time": "1732280415530000000",
      "tradeId": "5585554968426512",
      "type": "match",
      "time_before_que.put": "13:00:15.583",
      "seconds_from_release": 15.583871,
      "time_after_queue.get": "13:00:15.584"
    }
  },
  {
    "topic": "/market/match:MEMEFI-USDT",
    "type": "message",
    "subject": "trade.l3match",
    "data": {
      "makerOrderId": "6740805fae93cc00077af7e0",
      "price": "0.05461",
      "sequence": "5585555162281985",
      "side": "sell",
      "size": "212.6",
      "symbol": "MEMEFI-USDT",
      "takerOrderId": "6740805fd52cb80007b0625f",
      "time": "1732280416001000000",
      "tradeId": "5585555162281985",
      "type": "match",
      "time_before_que.put": "13:00:16.052",
      "seconds_from_release": 16.052089,
      "time_after_queue.get": "13:00:16.052"
    }
  },
  {
    "topic": "/market/match:MEMEFI-USDT",
    "type": "message",
    "subject": "trade.l3match",
    "data": {
      "makerOrderId": "6740805fb7e21a000716dcf5",
      "price": "0.05461",
      "sequence": "5585555162281988",
      "side": "sell",
      "size": "143.6",
      "symbol": "MEMEFI-USDT",
      "takerOrderId": "6740805fd52cb80007b0625f",
      "time": "1732280416001000000",
      "tradeId": "5585555162281988",
      "type": "match",
      "time_before_que.put": "13:00:16.052",
      "seconds_from_release": 16.052433,
      "time_after_queue.get": "13:00:16.052"
    }
  },
  {
    "topic": "/market/match:MEMEFI-USDT",
    "type": "message",
    "subject": "trade.l3match",
    "data": {
      "makerOrderId": "6740805ff15b2700075345c5",
      "price": "0.0546",
      "sequence": "5585555162281991",
      "side": "sell",
      "size": "2992.9",
      "symbol": "MEMEFI-USDT",
      "takerOrderId": "6740805fd52cb80007b0625f",
      "time": "1732280416001000000",
      "tradeId": "5585555162281991",
      "type": "match",
      "time_before_que.put": "13:00:16.052",
      "seconds_from_release": 16.05263,
      "time_after_queue.get": "13:00:16.052"
    }
  },
  {
    "topic": "/market/match:MEMEFI-USDT",
    "type": "message",
    "subject": "trade.l3match",
    "data": {
      "makerOrderId": "6740805f088f0100075aee79",
      "price": "0.052",
      "sequence": "5585555162281994",
      "side": "sell",
      "size": "6588.8",
      "symbol": "MEMEFI-USDT",
      "takerOrderId": "6740805fd52cb80007b0625f",
      "time": "1732280416001000000",
      "tradeId": "5585555162281994",
      "type": "match",
      "time_before_que.put": "13:00:16.052",
      "seconds_from_release": 16.052761,
      "time_after_queue.get": "13:00:16.052"
    }
  },
  {
    "topic": "/market/match:MEMEFI-USDT",
    "type": "message",
    "subject": "trade.l3match",
    "data": {
      "makerOrderId": "6740805f4fe7460007ad4d54",
      "price": "0.0494",
      "sequence": "5585555162281997",
      "side": "sell",
      "size": "9796.5",
      "symbol": "MEMEFI-USDT",
      "takerOrderId": "6740805fd52cb80007b0625f",
      "time": "1732280416001000000",
      "tradeId": "5585555162281997",
      "type": "match",
      "time_before_que.put": "13:00:16.052",
      "seconds_from_release": 16.052865,
      "time_after_queue.get": "13:00:16.052"
    }
  },
  {
    "topic": "/market/match:MEMEFI-USDT",
    "type": "message",
    "subject": "trade.l3match",
    "data": {
      "makerOrderId": "67408060d52cb80007b0670a",
      "price": "0.09099",
      "sequence": "5585555440416769",
      "side": "buy",
      "size": "44.1",
      "symbol": "MEMEFI-USDT",
      "takerOrderId": "67408060088f0100075af933",
      "time": "1732280416822000000",
      "tradeId": "5585555440416769",
      "type": "match",
      "time_before_que.put": "13:00:16.978",
      "seconds_from_release": 16.978239,
      "time_after_queue.get": "13:00:16.978"
    }
  },
  {
    "topic": "/market/match:MEMEFI-USDT",
    "type": "message",
    "subject": "trade.l3match",
    "data": {
      "makerOrderId": "67408060f4a7c500074cf5d1",
      "price": "0.08752",
      "sequence": "5585555494942721",
      "side": "sell",
      "size": "115.5",
      "symbol": "MEMEFI-USDT",
      "takerOrderId": "674080600d85530007d19d12",
      "time": "1732280416933000000",
      "tradeId": "5585555494942721",
      "type": "match",
      "time_before_que.put": "13:00:17.084",
      "seconds_from_release": 17.084026,
      "time_after_queue.get": "13:00:17.084"
    }
  },
  {
    "topic": "/market/match:MEMEFI-USDT",
    "type": "message",
    "subject": "trade.l3match",
    "data": {
      "makerOrderId": "6740805f68486d00073c095c",
      "price": "0.0875",
      "sequence": "5585555494942724",
      "side": "sell",
      "size": "908.9",
      "symbol": "MEMEFI-USDT",
      "takerOrderId": "674080600d85530007d19d12",
      "time": "1732280416933000000",
      "tradeId": "5585555494942724",
      "type": "match",
      "time_before_que.put": "13:00:17.084",
      "seconds_from_release": 17.084171,
      "time_after_queue.get": "13:00:17.084"
    }
  },
  {
    "topic": "/market/match:MEMEFI-USDT",
    "type": "message",
    "subject": "trade.l3match",
    "data": {
      "makerOrderId": "67408060c5ba7400073aeb2c",
      "price": "0.04006",
      "sequence": "5585555510016001",
      "side": "sell",
      "size": "237.9",
      "symbol": "MEMEFI-USDT",
      "takerOrderId": "67408060c65bf70007e6021b",
      "time": "1732280416967000000",
      "tradeId": "5585555510016001",
      "type": "match",
      "time_before_que.put": "13:00:17.084",
      "seconds_from_release": 17.084352,
      "time_after_queue.get": "13:00:17.084"
    }
  },
  {
    "topic": "/market/match:MEMEFI-USDT",
    "type": "message",
    "subject": "trade.l3match",
    "data": {
      "makerOrderId": "67408060df6f6e000726729c",
      "price": "0.0378",
      "sequence": "5585555510016004",
      "side": "sell",
      "size": "2116.4",
      "symbol": "MEMEFI-USDT",
      "takerOrderId": "67408060c65bf70007e6021b",
      "time": "1732280416967000000",
      "tradeId": "5585555510016004",
      "type": "match",
      "time_before_que.put": "13:00:17.084",
      "seconds_from_release": 17.084547,
      "time_after_queue.get": "13:00:17.084"
    }
  },
  {
    "topic": "/market/match:MEMEFI-USDT",
    "type": "message",
    "subject": "trade.l3match",
    "data": {
      "makerOrderId": "6740805f68486d00073c0379",
      "price": "0.03641",
      "sequence": "5585555510016007",
      "side": "sell",
      "size": "921.8",
      "symbol": "MEMEFI-USDT",
      "takerOrderId": "67408060c65bf70007e6021b",
      "time": "1732280416967000000",
      "tradeId": "5585555510016007",
      "type": "match",
      "time_before_que.put": "13:00:17.084",
      "seconds_from_release": 17.084865,
      "time_after_queue.get": "13:00:17.085"
    }
  },
  {
    "topic": "/market/match:MEMEFI-USDT",
    "type": "message",
    "subject": "trade.l3match",
    "data": {
      "makerOrderId": "6740805ff4a7c500074ceb16",
      "price": "0.03022",
      "sequence": "5585555521026049",
      "side": "sell",
      "size": "681.7",
      "symbol": "MEMEFI-USDT",
      "takerOrderId": "674080604fe7460007ad5b98",
      "time": "1732280416995000000",
      "tradeId": "5585555521026049",
      "type": "match",
      "time_before_que.put": "13:00:17.085",
      "seconds_from_release": 17.085061,
      "time_after_queue.get": "13:00:17.085"
    }
  },
  {
    "topic": "/market/match:MEMEFI-USDT",
    "type": "message",
    "subject": "trade.l3match",
    "data": {
      "makerOrderId": "6740805c4fe7460007ad36db",
      "price": "0.03006",
      "sequence": "5585555521026052",
      "side": "sell",
      "size": "1294.1",
      "symbol": "MEMEFI-USDT",
      "takerOrderId": "674080604fe7460007ad5b98",
      "time": "1732280416995000000",
      "tradeId": "5585555521026052",
      "type": "match",
      "time_before_que.put": "13:00:17.085",
      "seconds_from_release": 17.085194,
      "time_after_queue.get": "13:00:17.085"
    }
  },
  {
    "topic": "/market/match:MEMEFI-USDT",
    "type": "message",
    "subject": "trade.l3match",
    "data": {
      "makerOrderId": "67408060c65bf70007e600bb",
      "price": "0.09099",
      "sequence": "5585555524696065",
      "side": "buy",
      "size": "66.5",
      "symbol": "MEMEFI-USDT",
      "takerOrderId": "6740806031d0950007ddde81",
      "time": "1732280417000000000",
      "tradeId": "5585555524696065",
      "type": "match",
      "time_before_que.put": "13:00:17.085",
      "seconds_from_release": 17.085343,
      "time_after_queue.get": "13:00:17.085"
    }
  },
  {
    "topic": "/market/match:MEMEFI-USDT",
    "type": "message",
    "subject": "trade.l3match",
    "data": {
      "makerOrderId": "674080604fe7460007ad5b27",
      "price": "0.09099",
      "sequence": "5585555524696068",
      "side": "buy",
      "size": "328.2",
      "symbol": "MEMEFI-USDT",
      "takerOrderId": "6740806031d0950007ddde81",
      "time": "1732280417000000000",
      "tradeId": "5585555524696068",
      "type": "match",
      "time_before_que.put": "13:00:17.085",
      "seconds_from_release": 17.085437,
      "time_after_queue.get": "13:00:17.085"
    }
  },
  {
    "topic": "/market/match:MEMEFI-USDT",
    "type": "message",
    "subject": "trade.l3match",
    "data": {
      "makerOrderId": "67408061f4a7c500074cf8aa",
      "price": "0.0448",
      "sequence": "5585555659175937",
      "side": "buy",
      "size": "340.9",
      "symbol": "MEMEFI-USDT",
      "takerOrderId": "67408061f1bf40000746c7ac",
      "time": "1732280417297000000",
      "tradeId": "5585555659175937",
      "type": "match",
      "time_before_que.put": "13:00:17.375",
      "seconds_from_release": 17.375397,
      "time_after_queue.get": "13:00:17.375"
    }
  },
  {
    "topic": "/market/match:MEMEFI-USDT",
    "type": "message",
    "subject": "trade.l3match",
    "data": {
      "makerOrderId": "67408061ae93cc00077b01b7",
      "price": "0.0448",
      "sequence": "5585555659175940",
      "side": "buy",
      "size": "340.8",
      "symbol": "MEMEFI-USDT",
      "takerOrderId": "67408061f1bf40000746c7ac",
      "time": "1732280417297000000",
      "tradeId": "5585555659175940",
      "type": "match",
      "time_before_que.put": "13:00:17.375",
      "seconds_from_release": 17.375602,
      "time_after_queue.get": "13:00:17.375"
    }
  },
  {
    "topic": "/market/match:MEMEFI-USDT",
    "type": "message",
    "subject": "trade.l3match",
    "data": {
      "makerOrderId": "67408061f1bf40000746c7ac",
      "price": "0.0493",
      "sequence": "5585555676346369",
      "side": "sell",
      "size": "3375",
      "symbol": "MEMEFI-USDT",
      "takerOrderId": "67408061c5ba7400073af569",
      "time": "1732280417328000000",
      "tradeId": "5585555676346369",
      "type": "match",
      "time_before_que.put": "13:00:17.375",
      "seconds_from_release": 17.375755,
      "time_after_queue.get": "13:00:17.375"
    }
  },
  {
    "topic": "/market/match:MEMEFI-USDT",
    "type": "message",
    "subject": "trade.l3match",
    "data": {
      "makerOrderId": "67408061c5ba7400073af580",
      "price": "0.0448",
      "sequence": "5585555676346372",
      "side": "sell",
      "size": "1785.7",
      "symbol": "MEMEFI-USDT",
      "takerOrderId": "67408061c5ba7400073af569",
      "time": "1732280417328000000",
      "tradeId": "5585555676346372",
      "type": "match",
      "time_before_que.put": "13:00:17.375",
      "seconds_from_release": 17.375867,
      "time_after_queue.get": "13:00:17.375"
    }
  },
  {
    "topic": "/market/match:MEMEFI-USDT",
    "type": "message",
    "subject": "trade.l3match",
    "data": {
      "makerOrderId": "6740806131d0950007dde3bf",
      "price": "0.049",
      "sequence": "5585555976370177",
      "side": "sell",
      "size": "1632.6",
      "symbol": "MEMEFI-USDT",
      "takerOrderId": "674080614fe7460007ad65ac",
      "time": "1732280417990000000",
      "tradeId": "5585555976370177",
      "type": "match",
      "time_before_que.put": "13:00:18.034",
      "seconds_from_release": 18.034817,
      "time_after_queue.get": "13:00:18.034"
    }
  },
  {
    "topic": "/market/match:MEMEFI-USDT",
    "type": "message",
    "subject": "trade.l3match",
    "data": {
      "makerOrderId": "67408061d52cb80007b06e0a",
      "price": "0.04388",
      "sequence": "5585556155807745",
      "side": "sell",
      "size": "469.5",
      "symbol": "MEMEFI-USDT",
      "takerOrderId": "67408062cf286a0007f1d0b2",
      "time": "1732280418351000000",
      "tradeId": "5585556155807745",
      "type": "match",
      "time_before_que.put": "13:00:18.468",
      "seconds_from_release": 18.468337,
      "time_after_queue.get": "13:00:18.468"
    }
  },
  {
    "topic": "/market/match:MEMEFI-USDT",
    "type": "message",
    "subject": "trade.l3match",
    "data": {
      "makerOrderId": "67408061f4f12000076b7855",
      "price": "0.04365",
      "sequence": "5585556155807748",
      "side": "sell",
      "size": "2290",
      "symbol": "MEMEFI-USDT",
      "takerOrderId": "67408062cf286a0007f1d0b2",
      "time": "1732280418351000000",
      "tradeId": "5585556155807748",
      "type": "match",
      "time_before_que.put": "13:00:18.468",
      "seconds_from_release": 18.46859,
      "time_after_queue.get": "13:00:18.468"
    }
  },
  {
    "topic": "/market/match:MEMEFI-USDT",
    "type": "message",
    "subject": "trade.l3match",
    "data": {
      "makerOrderId": "67408061d52cb80007b069d5",
      "price": "0.042",
      "sequence": "5585556155807751",
      "side": "sell",
      "size": "1904.7",
      "symbol": "MEMEFI-USDT",
      "takerOrderId": "67408062cf286a0007f1d0b2",
      "time": "1732280418351000000",
      "tradeId": "5585556155807751",
      "type": "match",
      "time_before_que.put": "13:00:18.468",
      "seconds_from_release": 18.468782,
      "time_after_queue.get": "13:00:18.468"
    }
  },
  {
    "topic": "/market/match:MEMEFI-USDT",
    "type": "message",
    "subject": "trade.l3match",
    "data": {
      "makerOrderId": "674080611586c100075135d8",
      "price": "0.0403",
      "sequence": "5585556155807754",
      "side": "sell",
      "size": "10",
      "symbol": "MEMEFI-USDT",
      "takerOrderId": "67408062cf286a0007f1d0b2",
      "time": "1732280418351000000",
      "tradeId": "5585556155807754",
      "type": "match",
      "time_before_que.put": "13:00:18.468",
      "seconds_from_release": 18.468881,
      "time_after_queue.get": "13:00:18.468"
    }
  },
  {
    "topic": "/market/match:MEMEFI-USDT",
    "type": "message",
    "subject": "trade.l3match",
    "data": {
      "makerOrderId": "6740805c4fe7460007ad36db",
      "price": "0.03006",
      "sequence": "5585556220426241",
      "side": "sell",
      "size": "417.2",
      "symbol": "MEMEFI-USDT",
      "takerOrderId": "6740806267cdc90007fe4d71",
      "time": "1732280418474000000",
      "tradeId": "5585556220426241",
      "type": "match",
      "time_before_que.put": "13:00:18.558",
      "seconds_from_release": 18.558359,
      "time_after_queue.get": "13:00:18.558"
    }
  },
  {
    "topic": "/market/match:MEMEFI-USDT",
    "type": "message",
    "subject": "trade.l3match",
    "data": {
      "makerOrderId": "6740805ccf286a0007f1a0b6",
      "price": "0.03006",
      "sequence": "5585556220426244",
      "side": "sell",
      "size": "446.2",
      "symbol": "MEMEFI-USDT",
      "takerOrderId": "6740806267cdc90007fe4d71",
      "time": "1732280418474000000",
      "tradeId": "5585556220426244",
      "type": "match",
      "time_before_que.put": "13:00:18.558",
      "seconds_from_release": 18.558506,
      "time_after_queue.get": "13:00:18.558"
    }
  },
  {
    "topic": "/market/match:MEMEFI-USDT",
    "type": "message",
    "subject": "trade.l3match",
    "data": {
      "makerOrderId": "6740805d6967d30007b61af2",
      "price": "0.03006",
      "sequence": "5585556220426247",
      "side": "sell",
      "size": "545.2",
      "symbol": "MEMEFI-USDT",
      "takerOrderId": "6740806267cdc90007fe4d71",
      "time": "1732280418474000000",
      "tradeId": "5585556220426247",
      "type": "match",
      "time_before_que.put": "13:00:18.558",
      "seconds_from_release": 18.55862,
      "time_after_queue.get": "13:00:18.558"
    }
  },
  {
    "topic": "/market/match:MEMEFI-USDT",
    "type": "message",
    "subject": "trade.l3match",
    "data": {
      "makerOrderId": "6740805ef1bf40000746ac80",
      "price": "0.03006",
      "sequence": "5585556220426250",
      "side": "sell",
      "size": "3588.1",
      "symbol": "MEMEFI-USDT",
      "takerOrderId": "6740806267cdc90007fe4d71",
      "time": "1732280418474000000",
      "tradeId": "5585556220426250",
      "type": "match",
      "time_before_que.put": "13:00:18.558",
      "seconds_from_release": 18.558866,
      "time_after_queue.get": "13:00:18.559"
    }
  },
  {
    "topic": "/market/match:MEMEFI-USDT",
    "type": "message",
    "subject": "trade.l3match",
    "data": {
      "makerOrderId": "6740805ef1bf40000746ac80",
      "price": "0.03006",
      "sequence": "5585556220557313",
      "side": "sell",
      "size": "5036.3",
      "symbol": "MEMEFI-USDT",
      "takerOrderId": "67408062088f0100075b0944",
      "time": "1732280418474000000",
      "tradeId": "5585556220557313",
      "type": "match",
      "time_before_que.put": "13:00:18.559",
      "seconds_from_release": 18.559044,
      "time_after_queue.get": "13:00:18.559"
    }
  },
  {
    "topic": "/market/match:MEMEFI-USDT",
    "type": "message",
    "subject": "trade.l3match",
    "data": {
      "makerOrderId": "6740805ef1bf40000746ac80",
      "price": "0.03006",
      "sequence": "5585556220950529",
      "side": "sell",
      "size": "5051.4",
      "symbol": "MEMEFI-USDT",
      "takerOrderId": "67408062f4a7c500074d0732",
      "time": "1732280418475000000",
      "tradeId": "5585556220950529",
      "type": "match",
      "time_before_que.put": "13:00:18.559",
      "seconds_from_release": 18.559223,
      "time_after_queue.get": "13:00:18.559"
    }
  },
  {
    "topic": "/market/match:MEMEFI-USDT",
    "type": "message",
    "subject": "trade.l3match",
    "data": {
      "makerOrderId": "6740805ef1bf40000746ac80",
      "price": "0.03006",
      "sequence": "5585556221081601",
      "side": "sell",
      "size": "28347.6",
      "symbol": "MEMEFI-USDT",
      "takerOrderId": "6740806268486d00073c1f3c",
      "time": "1732280418475000000",
      "tradeId": "5585556221081601",
      "type": "match",
      "time_before_que.put": "13:00:18.559",
      "seconds_from_release": 18.559318,
      "time_after_queue.get": "13:00:18.559"
    }
  },
  {
    "topic": "/market/match:MEMEFI-USDT",
    "type": "message",
    "subject": "trade.l3match",
    "data": {
      "makerOrderId": "6740805fb7e21a000716ddd4",
      "price": "0.03006",
      "sequence": "5585556221081604",
      "side": "sell",
      "size": "345.4",
      "symbol": "MEMEFI-USDT",
      "takerOrderId": "6740806268486d00073c1f3c",
      "time": "1732280418475000000",
      "tradeId": "5585556221081604",
      "type": "match",
      "time_before_que.put": "13:00:18.559",
      "seconds_from_release": 18.55942,
      "time_after_queue.get": "13:00:18.559"
    }
  },
  {
    "topic": "/market/match:MEMEFI-USDT",
    "type": "message",
    "subject": "trade.l3match",
    "data": {
      "makerOrderId": "6740805fdf6f6e0007266e90",
      "price": "0.03006",
      "sequence": "5585556221081607",
      "side": "sell",
      "size": "698.6",
      "symbol": "MEMEFI-USDT",
      "takerOrderId": "6740806268486d00073c1f3c",
      "time": "1732280418475000000",
      "tradeId": "5585556221081607",
      "type": "match",
      "time_before_que.put": "13:00:18.559",
      "seconds_from_release": 18.559511,
      "time_after_queue.get": "13:00:18.559"
    }
  },
  {
    "topic": "/market/match:MEMEFI-USDT",
    "type": "message",
    "subject": "trade.l3match",
    "data": {
      "makerOrderId": "67408060c5ba7400073aec61",
      "price": "0.03006",
      "sequence": "5585556221081610",
      "side": "sell",
      "size": "1988.2",
      "symbol": "MEMEFI-USDT",
      "takerOrderId": "6740806268486d00073c1f3c",
      "time": "1732280418475000000",
      "tradeId": "5585556221081610",
      "type": "match",
      "time_before_que.put": "13:00:18.559",
      "seconds_from_release": 18.559594,
      "time_after_queue.get": "13:00:18.559"
    }
  },
  {
    "topic": "/market/match:MEMEFI-USDT",
    "type": "message",
    "subject": "trade.l3match",
    "data": {
      "makerOrderId": "67408060f4f12000076b72f0",
      "price": "0.03006",
      "sequence": "5585556221081613",
      "side": "sell",
      "size": "491.9",
      "symbol": "MEMEFI-USDT",
      "takerOrderId": "6740806268486d00073c1f3c",
      "time": "1732280418475000000",
      "tradeId": "5585556221081613",
      "type": "match",
      "time_before_que.put": "13:00:18.559",
      "seconds_from_release": 18.559678,
      "time_after_queue.get": "13:00:18.559"
    }
  },
  {
    "topic": "/market/match:MEMEFI-USDT",
    "type": "message",
    "subject": "trade.l3match",
    "data": {
      "makerOrderId": "67408060088f0100075af5fb",
      "price": "0.03006",
      "sequence": "5585556221081616",
      "side": "sell",
      "size": "1748.8",
      "symbol": "MEMEFI-USDT",
      "takerOrderId": "6740806268486d00073c1f3c",
      "time": "1732280418475000000",
      "tradeId": "5585556221081616",
      "type": "match",
      "time_before_que.put": "13:00:18.559",
      "seconds_from_release": 18.559768,
      "time_after_queue.get": "13:00:18.559"
    }
  },
  {
    "topic": "/market/match:MEMEFI-USDT",
    "type": "message",
    "subject": "trade.l3match",
    "data": {
      "makerOrderId": "674080604fe7460007ad58e9",
      "price": "0.03006",
      "sequence": "5585556221081619",
      "side": "sell",
      "size": "631.7",
      "symbol": "MEMEFI-USDT",
      "takerOrderId": "6740806268486d00073c1f3c",
      "time": "1732280418475000000",
      "tradeId": "5585556221081619",
      "type": "match",
      "time_before_que.put": "13:00:18.559",
      "seconds_from_release": 18.55996,
      "time_after_queue.get": "13:00:18.560"
    }
  },
  {
    "topic": "/market/match:MEMEFI-USDT",
    "type": "message",
    "subject": "trade.l3match",
    "data": {
      "makerOrderId": "67408061f4f12000076b7d0a",
      "price": "0.03006",
      "sequence": "5585556221081622",
      "side": "sell",
      "size": "103.7",
      "symbol": "MEMEFI-USDT",
      "takerOrderId": "6740806268486d00073c1f3c",
      "time": "1732280418475000000",
      "tradeId": "5585556221081622",
      "type": "match",
      "time_before_que.put": "13:00:18.560",
      "seconds_from_release": 18.560271,
      "time_after_queue.get": "13:00:18.560"
    }
  },
  {
    "topic": "/market/match:MEMEFI-USDT",
    "type": "message",
    "subject": "trade.l3match",
    "data": {
      "makerOrderId": "6740805fb7e21a000716db98",
      "price": "0.03",
      "sequence": "5585556221081625",
      "side": "sell",
      "size": "261.6",
      "symbol": "MEMEFI-USDT",
      "takerOrderId": "6740806268486d00073c1f3c",
      "time": "1732280418475000000",
      "tradeId": "5585556221081625",
      "type": "match",
      "time_before_que.put": "13:00:18.560",
      "seconds_from_release": 18.560462,
      "time_after_queue.get": "13:00:18.560"
    }
  },
  {
    "topic": "/market/match:MEMEFI-USDT",
    "type": "message",
    "subject": "trade.l3match",
    "data": {
      "makerOrderId": "6740805e4fe7460007ad46d2",
      "price": "0.02003",
      "sequence": "5585556221212673",
      "side": "sell",
      "size": "5011.5",
      "symbol": "MEMEFI-USDT",
      "takerOrderId": "67408062c5ba7400073b0049",
      "time": "1732280418475000000",
      "tradeId": "5585556221212673",
      "type": "match",
      "time_before_que.put": "13:00:18.560",
      "seconds_from_release": 18.560558,
      "time_after_queue.get": "13:00:18.560"
    }
  },
  {
    "topic": "/market/match:MEMEFI-USDT",
    "type": "message",
    "subject": "trade.l3match",
    "data": {
      "makerOrderId": "6740805e4fe7460007ad46d2",
      "price": "0.02003",
      "sequence": "5585556229601281",
      "side": "sell",
      "size": "5051.4",
      "symbol": "MEMEFI-USDT",
      "takerOrderId": "67408062df6f6e0007268599",
      "time": "1732280418488000000",
      "tradeId": "5585556229601281",
      "type": "match",
      "time_before_que.put": "13:00:18.560",
      "seconds_from_release": 18.560648,
      "time_after_queue.get": "13:00:18.560"
    }
  },
  {
    "topic": "/market/match:MEMEFI-USDT",
    "type": "message",
    "subject": "trade.l3match",
    "data": {
      "makerOrderId": "6740805e4fe7460007ad46d2",
      "price": "0.02003",
      "sequence": "5585556229732353",
      "side": "sell",
      "size": "43203.6",
      "symbol": "MEMEFI-USDT",
      "takerOrderId": "67408062df6f6e000726859c",
      "time": "1732280418488000000",
      "tradeId": "5585556229732353",
      "type": "match",
      "time_before_que.put": "13:00:18.560",
      "seconds_from_release": 18.560737,
      "time_after_queue.get": "13:00:18.560"
    }
  },
  {
    "topic": "/market/match:MEMEFI-USDT",
    "type": "message",
    "subject": "trade.l3match",
    "data": {
      "makerOrderId": "6740805e4fe7460007ad46d2",
      "price": "0.02003",
      "sequence": "5585556231436289",
      "side": "sell",
      "size": "5036.3",
      "symbol": "MEMEFI-USDT",
      "takerOrderId": "67408062d52cb80007b0786d",
      "time": "1732280418490000000",
      "tradeId": "5585556231436289",
      "type": "match",
      "time_before_que.put": "13:00:18.560",
      "seconds_from_release": 18.560834,
      "time_after_queue.get": "13:00:18.560"
    }
  },
  {
    "topic": "/market/match:MEMEFI-USDT",
    "type": "message",
    "subject": "trade.l3match",
    "data": {
      "makerOrderId": "67408063f4f12000076b9018",
      "price": "0.02004",
      "sequence": "5585556711290881",
      "side": "buy",
      "size": "992",
      "symbol": "MEMEFI-USDT",
      "takerOrderId": "67408063c5ba7400073b0a1b",
      "time": "1732280419313000000",
      "tradeId": "5585556711290881",
      "type": "match",
      "time_before_que.put": "13:00:19.491",
      "seconds_from_release": 19.491003,
      "time_after_queue.get": "13:00:19.491"
    }
  },
  {
    "topic": "/market/match:MEMEFI-USDT",
    "type": "message",
    "subject": "trade.l3match",
    "data": {
      "makerOrderId": "67408063f4f12000076b9018",
      "price": "0.02004",
      "sequence": "5585556735539201",
      "side": "buy",
      "size": "798.4",
      "symbol": "MEMEFI-USDT",
      "takerOrderId": "67408063f15b2700075369c0",
      "time": "1732280419373000000",
      "tradeId": "5585556735539201",
      "type": "match",
      "time_before_que.put": "13:00:19.491",
      "seconds_from_release": 19.491163,
      "time_after_queue.get": "13:00:19.491"
    }
  },
  {
    "topic": "/market/match:MEMEFI-USDT",
    "type": "message",
    "subject": "trade.l3match",
    "data": {
      "makerOrderId": "67408063f4f12000076b9018",
      "price": "0.02004",
      "sequence": "5585556742879233",
      "side": "buy",
      "size": "678.6",
      "symbol": "MEMEFI-USDT",
      "takerOrderId": "67408063ae93cc00077b1a57",
      "time": "1732280419388000000",
      "tradeId": "5585556742879233",
      "type": "match",
      "time_before_que.put": "13:00:19.491",
      "seconds_from_release": 19.491275,
      "time_after_queue.get": "13:00:19.491"
    }
  },
  {
    "topic": "/market/match:MEMEFI-USDT",
    "type": "message",
    "subject": "trade.l3match",
    "data": {
      "makerOrderId": "674080636967d30007b65500",
      "price": "0.02004",
      "sequence": "5585556771190785",
      "side": "buy",
      "size": "208.4",
      "symbol": "MEMEFI-USDT",
      "takerOrderId": "67408063c65bf70007e61c4e",
      "time": "1732280419456000000",
      "tradeId": "5585556771190785",
      "type": "match",
      "time_before_que.put": "13:00:19.605",
      "seconds_from_release": 19.605453,
      "time_after_queue.get": "13:00:19.605"
    }
  },
  {
    "topic": "/market/match:MEMEFI-USDT",
    "type": "message",
    "subject": "trade.l3match",
    "data": {
      "makerOrderId": "6740805e4fe7460007ad46d2",
      "price": "0.02003",
      "sequence": "5585556773156865",
      "side": "sell",
      "size": "2803.5",
      "symbol": "MEMEFI-USDT",
      "takerOrderId": "67408063ae93cc00077b1b19",
      "time": "1732280419462000000",
      "tradeId": "5585556773156865",
      "type": "match",
      "time_before_que.put": "13:00:19.605",
      "seconds_from_release": 19.605695,
      "time_after_queue.get": "13:00:19.606"
    }
  },
  {
    "topic": "/market/match:MEMEFI-USDT",
    "type": "message",
    "subject": "trade.l3match",
    "data": {
      "makerOrderId": "67408050ae93cc00077a6fcd",
      "price": "0.02",
      "sequence": "5585556773156868",
      "side": "sell",
      "size": "2202.2",
      "symbol": "MEMEFI-USDT",
      "takerOrderId": "67408063ae93cc00077b1b19",
      "time": "1732280419462000000",
      "tradeId": "5585556773156868",
      "type": "match",
      "time_before_que.put": "13:00:19.605",
      "seconds_from_release": 19.605863,
      "time_after_queue.get": "13:00:19.606"
    }
  },
  {
    "topic": "/market/match:MEMEFI-USDT",
    "type": "message",
    "subject": "trade.l3match",
    "data": {
      "makerOrderId": "6740806367cdc90007fe58d8",
      "price": "0.02558",
      "sequence": "5585556864645121",
      "side": "buy",
      "size": "61.4",
      "symbol": "MEMEFI-USDT",
      "takerOrderId": "67408063f4a7c500074d13e4",
      "time": "1732280419686000000",
      "tradeId": "5585556864645121",
      "type": "match",
      "time_before_que.put": "13:00:19.907",
      "seconds_from_release": 19.907391,
      "time_after_queue.get": "13:00:19.907"
    }
  },
  {
    "topic": "/market/match:MEMEFI-USDT",
    "type": "message",
    "subject": "trade.l3match",
    "data": {
      "makerOrderId": "67408050ae93cc00077a6fcd",
      "price": "0.02",
      "sequence": "5585556921792513",
      "side": "sell",
      "size": "110.5",
      "symbol": "MEMEFI-USDT",
      "takerOrderId": "6740806368486d00073c2d69",
      "time": "1732280419783000000",
      "tradeId": "5585556921792513",
      "type": "match",
      "time_before_que.put": "13:00:19.907",
      "seconds_from_release": 19.90756,
      "time_after_queue.get": "13:00:19.907"
    }
  },
  {
    "topic": "/market/match:MEMEFI-USDT",
    "type": "message",
    "subject": "trade.l3match",
    "data": {
      "makerOrderId": "6740806368486d00073c2d9c",
      "price": "0.02559",
      "sequence": "5585557245802497",
      "side": "buy",
      "size": "45.7",
      "symbol": "MEMEFI-USDT",
      "takerOrderId": "67408064df6f6e0007269c1a",
      "time": "1732280420275000000",
      "tradeId": "5585557245802497",
      "type": "match",
      "time_before_que.put": "13:00:20.329",
      "seconds_from_release": 20.329979,
      "time_after_queue.get": "13:00:20.330"
    }
  },
  {
    "topic": "/market/match:MEMEFI-USDT",
    "type": "message",
    "subject": "trade.l3match",
    "data": {
      "makerOrderId": "6740806367cdc90007fe5e86",
      "price": "0.02101",
      "sequence": "5585557590652929",
      "side": "sell",
      "size": "268.4",
      "symbol": "MEMEFI-USDT",
      "takerOrderId": "674080644fe7460007ad881d",
      "time": "1732280420850000000",
      "tradeId": "5585557590652929",
      "type": "match",
      "time_before_que.put": "13:00:20.931",
      "seconds_from_release": 20.931845,
      "time_after_queue.get": "13:00:20.931"
    }
  },
  {
    "topic": "/market/match:MEMEFI-USDT",
    "type": "message",
    "subject": "trade.l3match",
    "data": {
      "makerOrderId": "674080646967d30007b65f39",
      "price": "0.021",
      "sequence": "5585557590652932",
      "side": "sell",
      "size": "1023.2",
      "symbol": "MEMEFI-USDT",
      "takerOrderId": "674080644fe7460007ad881d",
      "time": "1732280420850000000",
      "tradeId": "5585557590652932",
      "type": "match",
      "time_before_que.put": "13:00:20.931",
      "seconds_from_release": 20.931993,
      "time_after_queue.get": "13:00:20.932"
    }
  },
  {
    "topic": "/market/match:MEMEFI-USDT",
    "type": "message",
    "subject": "trade.l3match",
    "data": {
      "makerOrderId": "67408050ae93cc00077a6fcd",
      "price": "0.02",
      "sequence": "5585558255843329",
      "side": "sell",
      "size": "1399.3",
      "symbol": "MEMEFI-USDT",
      "takerOrderId": "6740806637061e0007f72188",
      "time": "1732280422107000000",
      "tradeId": "5585558255843329",
      "type": "match",
      "time_before_que.put": "13:00:22.155",
      "seconds_from_release": 22.155486,
      "time_after_queue.get": "13:00:22.155"
    }
  },
  {
    "topic": "/market/match:MEMEFI-USDT",
    "type": "message",
    "subject": "trade.l3match",
    "data": {
      "makerOrderId": "67408050ae93cc00077a6fcd",
      "price": "0.02",
      "sequence": "5585558518380545",
      "side": "sell",
      "size": "7579",
      "symbol": "MEMEFI-USDT",
      "takerOrderId": "6740806637061e0007f7272e",
      "time": "1732280422563000000",
      "tradeId": "5585558518380545",
      "type": "match",
      "time_before_que.put": "13:00:22.609",
      "seconds_from_release": 22.609628,
      "time_after_queue.get": "13:00:22.609"
    }
  },
  {
    "topic": "/market/match:MEMEFI-USDT",
    "type": "message",
    "subject": "trade.l3match",
    "data": {
      "makerOrderId": "67408050f1bf400007463462",
      "price": "0.02",
      "sequence": "5585558518380548",
      "side": "sell",
      "size": "1000",
      "symbol": "MEMEFI-USDT",
      "takerOrderId": "6740806637061e0007f7272e",
      "time": "1732280422563000000",
      "tradeId": "5585558518380548",
      "type": "match",
      "time_before_que.put": "13:00:22.614",
      "seconds_from_release": 22.614895,
      "time_after_queue.get": "13:00:22.615"
    }
  },
  {
    "topic": "/market/match:MEMEFI-USDT",
    "type": "message",
    "subject": "trade.l3match",
    "data": {
      "makerOrderId": "67408066df6f6e000726b57b",
      "price": "0.02",
      "sequence": "5585558518380551",
      "side": "sell",
      "size": "1051.5",
      "symbol": "MEMEFI-USDT",
      "takerOrderId": "6740806637061e0007f7272e",
      "time": "1732280422563000000",
      "tradeId": "5585558518380551",
      "type": "match",
      "time_before_que.put": "13:00:22.615",
      "seconds_from_release": 22.615091,
      "time_after_queue.get": "13:00:22.615"
    }
  },
  {
    "topic": "/market/match:MEMEFI-USDT",
    "type": "message",
    "subject": "trade.l3match",
    "data": {
      "makerOrderId": "67408064c65bf70007e62e78",
      "price": "0.03",
      "sequence": "5585558527162369",
      "side": "buy",
      "size": "55.5",
      "symbol": "MEMEFI-USDT",
      "takerOrderId": "6740806631d0950007de1f02",
      "time": "1732280422580000000",
      "tradeId": "5585558527162369",
      "type": "match",
      "time_before_que.put": "13:00:22.629",
      "seconds_from_release": 22.629288,
      "time_after_queue.get": "13:00:22.629"
    }
  },
  {
    "topic": "/market/match:MEMEFI-USDT",
    "type": "message",
    "subject": "trade.l3match",
    "data": {
      "makerOrderId": "67408064ae93cc00077b2491",
      "price": "0.03005",
      "sequence": "5585558527162372",
      "side": "buy",
      "size": "1047.1",
      "symbol": "MEMEFI-USDT",
      "takerOrderId": "6740806631d0950007de1f02",
      "time": "1732280422580000000",
      "tradeId": "5585558527162372",
      "type": "match",
      "time_before_que.put": "13:00:22.629",
      "seconds_from_release": 22.629511,
      "time_after_queue.get": "13:00:22.629"
    }
  },
  {
    "topic": "/market/match:MEMEFI-USDT",
    "type": "message",
    "subject": "trade.l3match",
    "data": {
      "makerOrderId": "67408067088f0100075b3f79",
      "price": "0.01999",
      "sequence": "5585558858381313",
      "side": "buy",
      "size": "1585.7",
      "symbol": "MEMEFI-USDT",
      "takerOrderId": "67408067b7e21a0007172e25",
      "time": "1732280423257000000",
      "tradeId": "5585558858381313",
      "type": "match",
      "time_before_que.put": "13:00:23.311",
      "seconds_from_release": 23.311698,
      "time_after_queue.get": "13:00:23.311"
    }
  },
  {
    "topic": "/market/match:MEMEFI-USDT",
    "type": "message",
    "subject": "trade.l3match",
    "data": {
      "makerOrderId": "67408067f1bf400007470af9",
      "price": "0.01999",
      "sequence": "5585558858381316",
      "side": "buy",
      "size": "245.4",
      "symbol": "MEMEFI-USDT",
      "takerOrderId": "67408067b7e21a0007172e25",
      "time": "1732280423257000000",
      "tradeId": "5585558858381316",
      "type": "match",
      "time_before_que.put": "13:00:23.311",
      "seconds_from_release": 23.311921,
      "time_after_queue.get": "13:00:23.312"
    }
  },
  {
    "topic": "/market/match:MEMEFI-USDT",
    "type": "message",
    "subject": "trade.l3match",
    "data": {
      "makerOrderId": "674080676967d30007b683fb",
      "price": "0.01751",
      "sequence": "5585559083956225",
      "side": "sell",
      "size": "287.6",
      "symbol": "MEMEFI-USDT",
      "takerOrderId": "67408067ae93cc00077b4c2f",
      "time": "1732280423848000000",
      "tradeId": "5585559083956225",
      "type": "match",
      "time_before_que.put": "13:00:23.895",
      "seconds_from_release": 23.895969,
      "time_after_queue.get": "13:00:23.896"
    }
  },
  {
    "topic": "/market/match:MEMEFI-USDT",
    "type": "message",
    "subject": "trade.l3match",
    "data": {
      "makerOrderId": "674080500d85530007d114d9",
      "price": "0.0175",
      "sequence": "5585559083956228",
      "side": "sell",
      "size": "500",
      "symbol": "MEMEFI-USDT",
      "takerOrderId": "67408067ae93cc00077b4c2f",
      "time": "1732280423848000000",
      "tradeId": "5585559083956228",
      "type": "match",
      "time_before_que.put": "13:00:23.896",
      "seconds_from_release": 23.896286,
      "time_after_queue.get": "13:00:23.896"
    }
  },
  {
    "topic": "/market/match:MEMEFI-USDT",
    "type": "message",
    "subject": "trade.l3match",
    "data": {
      "makerOrderId": "6740805037061e0007f65527",
      "price": "0.016",
      "sequence": "5585559083956231",
      "side": "sell",
      "size": "2384.2",
      "symbol": "MEMEFI-USDT",
      "takerOrderId": "67408067ae93cc00077b4c2f",
      "time": "1732280423848000000",
      "tradeId": "5585559083956231",
      "type": "match",
      "time_before_que.put": "13:00:23.896",
      "seconds_from_release": 23.896508,
      "time_after_queue.get": "13:00:23.896"
    }
  },
  {
    "topic": "/market/match:MEMEFI-USDT",
    "type": "message",
    "subject": "trade.l3match",
    "data": {
      "makerOrderId": "67408067f1bf400007470eac",
      "price": "0.01992",
      "sequence": "5585559661852673",
      "side": "buy",
      "size": "56",
      "symbol": "MEMEFI-USDT",
      "takerOrderId": "67408069cf286a0007f219c3",
      "time": "1732280425024000000",
      "tradeId": "5585559661852673",
      "type": "match",
      "time_before_que.put": "13:00:25.088",
      "seconds_from_release": 25.088443,
      "time_after_queue.get": "13:00:25.088"
    }
  },
  {
    "topic": "/market/match:MEMEFI-USDT",
    "type": "message",
    "subject": "trade.l3match",
    "data": {
      "makerOrderId": "6740806731d0950007de29c3",
      "price": "0.01999",
      "sequence": "5585559661852676",
      "side": "buy",
      "size": "506.5",
      "symbol": "MEMEFI-USDT",
      "takerOrderId": "67408069cf286a0007f219c3",
      "time": "1732280425024000000",
      "tradeId": "5585559661852676",
      "type": "match",
      "time_before_que.put": "13:00:25.088",
      "seconds_from_release": 25.088688,
      "time_after_queue.get": "13:00:25.088"
    }
  },
  {
    "topic": "/market/match:MEMEFI-USDT",
    "type": "message",
    "subject": "trade.l3match",
    "data": {
      "makerOrderId": "6740805037061e0007f65527",
      "price": "0.016",
      "sequence": "5585559696324609",
      "side": "sell",
      "size": "615.8",
      "symbol": "MEMEFI-USDT",
      "takerOrderId": "6740806931d0950007de36c1",
      "time": "1732280425121000000",
      "tradeId": "5585559696324609",
      "type": "match",
      "time_before_que.put": "13:00:25.180",
      "seconds_from_release": 25.180024,
      "time_after_queue.get": "13:00:25.180"
    }
  },
  {
    "topic": "/market/match:MEMEFI-USDT",
    "type": "message",
    "subject": "trade.l3match",
    "data": {
      "makerOrderId": "67408050f15b27000752bf6d",
      "price": "0.01524",
      "sequence": "5585559696324612",
      "side": "sell",
      "size": "500",
      "symbol": "MEMEFI-USDT",
      "takerOrderId": "6740806931d0950007de36c1",
      "time": "1732280425121000000",
      "tradeId": "5585559696324612",
      "type": "match",
      "time_before_que.put": "13:00:25.180",
      "seconds_from_release": 25.180162,
      "time_after_queue.get": "13:00:25.180"
    }
  },
  {
    "topic": "/market/match:MEMEFI-USDT",
    "type": "message",
    "subject": "trade.l3match",
    "data": {
      "makerOrderId": "6740805037061e0007f654a1",
      "price": "0.015",
      "sequence": "5585559696324615",
      "side": "sell",
      "size": "1500",
      "symbol": "MEMEFI-USDT",
      "takerOrderId": "6740806931d0950007de36c1",
      "time": "1732280425121000000",
      "tradeId": "5585559696324615",
      "type": "match",
      "time_before_que.put": "13:00:25.180",
      "seconds_from_release": 25.180252,
      "time_after_queue.get": "13:00:25.180"
    }
  },
  {
    "topic": "/market/match:MEMEFI-USDT",
    "type": "message",
    "subject": "trade.l3match",
    "data": {
      "makerOrderId": "67408069088f0100075b53cc",
      "price": "0.01499",
      "sequence": "5585559803148289",
      "side": "buy",
      "size": "1734.8",
      "symbol": "MEMEFI-USDT",
      "takerOrderId": "67408069f15b27000753ab3e",
      "time": "1732280425383000000",
      "tradeId": "5585559803148289",
      "type": "match",
      "time_before_que.put": "13:00:25.439",
      "seconds_from_release": 25.439532,
      "time_after_queue.get": "13:00:25.439"
    }
  },
  {
    "topic": "/market/match:MEMEFI-USDT",
    "type": "message",
    "subject": "trade.l3match",
    "data": {
      "makerOrderId": "6740806931d0950007de36c1",
      "price": "0.015",
      "sequence": "5585559803148292",
      "side": "buy",
      "size": "481.1",
      "symbol": "MEMEFI-USDT",
