{
  "metadata": {
    "symbol": "HYPE",
    "channel": "match",
    "start_time": "14:59:30.0000",
    "release_time": "15:00:00.0000",
    "end_time": "15:20:00.0000",
    "total_messages": 412,
    "final_snapshot": {
      "time": "15:19:56.6360",
      "symbol": "HYPE-USDT",
      "price_high": "17.3",
      "price_last": "14.715",
      "price_low": "10",
      "price_avg": null,
      "volValue_USDT": "80497.19917"
    }
  },
  "data": [
    {
      "price": "10",
      "sequence": "6089296271915009",
      "side": "sell",
      "size": "0.1",
      "symbol": "HYPE-USDT",
      "time": "1733583600000000000",
      "tradeId": "6089296271915009",
      "type": "match",
      "time_received": "15:00:00.1683"
    },
    {
      "makerOrderId": "67545f943ecf4300073196c8",
      "price": "17.3",
      "sequence": "6089296575739905",
      "side": "buy",
      "size": "5.23",
      "symbol": "HYPE-USDT",
      "takerOrderId": "675462f0716ab30007d4cd51",
      "time": "1733583600620000000",
      "tradeId": "6089296575739905",
      "type": "match",
      "time_received": "15:00:00.6702"
    },
    {
      "makerOrderId": "67545f943ecf4300073196c8",
      "price": "17.3",
      "sequence": "6089296713496577",
      "side": "buy",
      "size": "0.25",
      "symbol": "HYPE-USDT",
      "takerOrderId": "675462f0fd80ce0007653c3a",
      "time": "1733583600889000000",
      "tradeId": "6089296713496577",
      "type": "match",
      "time_received": "15:00:00.9451"
    },
    {
      "makerOrderId": "67545f943ecf4300073196c8",
      "price": "17.3",
      "sequence": "6089296779556865",
      "side": "buy",
      "size": "0.25",
      "symbol": "HYPE-USDT",
      "takerOrderId": "675462f1e775000007fc3860",
      "time": "1733583601051000000",
      "tradeId": "6089296779556865",
      "type": "match",
      "time_received": "15:00:01.0961"
    },
    {
      "makerOrderId": "67545f943ecf4300073196c8",
      "price": "17.3",
      "sequence": "6089298163808257",
      "side": "buy",
      "size": "0.79",
      "symbol": "HYPE-USDT",
      "takerOrderId": "675462f41ed0d80007d97f21",
      "time": "1733583604551000000",
      "tradeId": "6089298163808257",
      "type": "match",
      "time_received": "15:00:04.6002"
    },
    {
      "makerOrderId": "67545f943ecf4300073196c8",
      "price": "17.3",
      "sequence": "6089299604027393",
      "side": "buy",
      "size": "5.78",
      "symbol": "HYPE-USDT",
      "takerOrderId": "675462f7e775000007fc6735",
      "time": "1733583607785000000",
      "tradeId": "6089299604027393",
      "type": "match",
      "time_received": "15:00:07.8607"
    },
    {
      "makerOrderId": "67545f943ecf4300073196c8",
      "price": "17.3",
      "sequence": "6089299828291585",
      "side": "buy",
      "size": "2.99",
      "symbol": "HYPE-USDT",
      "takerOrderId": "675462f83bb37e000759ff28",
      "time": "1733583608287000000",
      "tradeId": "6089299828291585",
      "type": "match",
      "time_received": "15:00:08.3366"
    },
    {
      "makerOrderId": "675462f9716ab30007d50cf1",
      "price": "17",
      "sequence": "6089302635460609",
      "side": "buy",
      "size": "14.26",
      "symbol": "HYPE-USDT",
      "takerOrderId": "675462feb1d2ab00076f37e2",
      "time": "1733583614992000000",
      "tradeId": "6089302635460609",
      "type": "match",
      "time_received": "15:00:15.0442"
    },
    {
      "makerOrderId": "675462f9716ab30007d50cf1",
      "price": "17",
      "sequence": "6089302667442177",
      "side": "buy",
      "size": "2.45",
      "symbol": "HYPE-USDT",
      "takerOrderId": "675462ff7cf7ff0007866084",
      "time": "1733583615058000000",
      "tradeId": "6089302667442177",
      "type": "match",
      "time_received": "15:00:15.1099"
    },
    {
      "makerOrderId": "675463037cf7ff0007867ecb",
      "price": "16.5",
      "sequence": "6089305341573121",
      "side": "buy",
      "size": "6.76",
      "symbol": "HYPE-USDT",
      "takerOrderId": "67546305ff2a9e0007f6b5a1",
      "time": "1733583621642000000",
      "tradeId": "6089305341573121",
      "type": "match",
      "time_received": "15:00:21.6912"
    },
    {
      "makerOrderId": "675463063bb37e00075a5e85",
      "price": "15.347",
      "sequence": "6089305837549569",
      "side": "sell",
      "size": "3.14",
      "symbol": "HYPE-USDT",
      "takerOrderId": "67546306a398ab00077b5adf",
      "time": "1733583622936000000",
      "tradeId": "6089305837549569",
      "type": "match",
      "time_received": "15:00:22.9846"
    },
    {
      "makerOrderId": "67546306a398ab00077b58a1",
      "price": "15.347",
      "sequence": "6089305837549572",
      "side": "sell",
      "size": "3.14",
      "symbol": "HYPE-USDT",
      "takerOrderId": "67546306a398ab00077b5adf",
      "time": "1733583622936000000",
      "tradeId": "6089305837549572",
      "type": "match",
      "time_received": "15:00:22.9847"
    },
    {
      "makerOrderId": "675463061ed0d80007d9fa68",
      "price": "15.347",
      "sequence": "6089305837549575",
      "side": "sell",
      "size": "3.14",
      "symbol": "HYPE-USDT",
      "takerOrderId": "67546306a398ab00077b5adf",
      "time": "1733583622936000000",
      "tradeId": "6089305837549575",
      "type": "match",
      "time_received": "15:00:22.9848"
    },
    {
      "makerOrderId": "67546306a398ab00077b5adf",
      "price": "15.318",
      "sequence": "6089306179778561",
      "side": "buy",
      "size": "0.2",
      "symbol": "HYPE-USDT",
      "takerOrderId": "67546307e775000007fcd29e",
      "time": "1733583623921000000",
      "tradeId": "6089306179778561",
      "type": "match",
      "time_received": "15:00:23.9702"
    },
    {
      "makerOrderId": "67546306a398ab00077b5adf",
      "price": "15.318",
      "sequence": "6089306344273921",
      "side": "buy",
      "size": "0.84",
      "symbol": "HYPE-USDT",
      "takerOrderId": "67546308716ab30007d56e68",
      "time": "1733583624375000000",
      "tradeId": "6089306344273921",
      "type": "match",
      "time_received": "15:00:24.4214"
    },
    {
      "makerOrderId": "67546306a398ab00077b5adf",
      "price": "15.318",
      "sequence": "6089306615592961",
      "side": "buy",
      "size": "92.76",
      "symbol": "HYPE-USDT",
      "takerOrderId": "67546309ff2a9e0007f6c9d3",
      "time": "1733583625163000000",
      "tradeId": "6089306615592961",
      "type": "match",
      "time_received": "15:00:25.2118"
    },
    {
      "makerOrderId": "675462f0fe36bf0007084c93",
      "price": "15",
      "sequence": "6089307134113793",
      "side": "sell",
      "size": "0.34",
      "symbol": "HYPE-USDT",
      "takerOrderId": "6754630a1e1c9e000736cfe0",
      "time": "1733583626360000000",
      "tradeId": "6089307134113793",
      "type": "match",
      "time_received": "15:00:26.4110"
    },
    {
      "makerOrderId": "675462f0fe36bf0007084c93",
      "price": "15",
      "sequence": "6089307297036289",
      "side": "sell",
      "size": "19.66",
      "symbol": "HYPE-USDT",
      "takerOrderId": "6754630aa398ab00077b72f4",
      "time": "1733583626659000000",
      "tradeId": "6089307297036289",
      "type": "match",
      "time_received": "15:00:26.7206"
    },
    {
      "makerOrderId": "675462f02e6b3a0007233c28",
      "price": "15",
      "sequence": "6089307297036292",
      "side": "sell",
      "size": "15",
      "symbol": "HYPE-USDT",
      "takerOrderId": "6754630aa398ab00077b72f4",
      "time": "1733583626659000000",
      "tradeId": "6089307297036292",
      "type": "match",
      "time_received": "15:00:26.7207"
    },
    {
      "makerOrderId": "675462f07cf7ff000785f7d7",
      "price": "15",
      "sequence": "6089307297036295",
      "side": "sell",
      "size": "0.2",
      "symbol": "HYPE-USDT",
      "takerOrderId": "6754630aa398ab00077b72f4",
      "time": "1733583626659000000",
      "tradeId": "6089307297036295",
      "type": "match",
      "time_received": "15:00:26.7208"
    },
    {
      "makerOrderId": "67546301e775000007fcad99",
      "price": "15",
      "sequence": "6089307297036298",
      "side": "sell",
      "size": "6.66",
      "symbol": "HYPE-USDT",
      "takerOrderId": "6754630aa398ab00077b72f4",
      "time": "1733583626659000000",
      "tradeId": "6089307297036298",
      "type": "match",
      "time_received": "15:00:26.7208"
    },
    {
      "makerOrderId": "67546303e775000007fcb85b",
      "price": "15",
      "sequence": "6089307297036301",
      "side": "sell",
      "size": "18.54",
      "symbol": "HYPE-USDT",
      "takerOrderId": "6754630aa398ab00077b72f4",
      "time": "1733583626659000000",
      "tradeId": "6089307297036301",
      "type": "match",
      "time_received": "15:00:26.7208"
    },
    {
      "makerOrderId": "67546306a398ab00077b5adf",
      "price": "15.318",
      "sequence": "6089308039821313",
      "side": "buy",
      "size": "0.25",
      "symbol": "HYPE-USDT",
      "takerOrderId": "6754630c1e1c9e000736dd3e",
      "time": "1733583628531000000",
      "tradeId": "6089308039821313",
      "type": "match",
      "time_received": "15:00:28.5808"
    },
    {
      "makerOrderId": "67546303e775000007fcb85b",
      "price": "15",
      "sequence": "6089309098096641",
      "side": "sell",
      "size": "131.47",
      "symbol": "HYPE-USDT",
      "takerOrderId": "6754630f3ecf430007476004",
      "time": "1733583631169000000",
      "tradeId": "6089309098096641",
      "type": "match",
      "time_received": "15:00:31.2179"
    },
    {
      "makerOrderId": "6754630f3ecf430007476004",
      "price": "15",
      "sequence": "6089309928699905",
      "side": "buy",
      "size": "1.04",
      "symbol": "HYPE-USDT",
      "takerOrderId": "675463117cf7ff000786d074",
      "time": "1733583633366000000",
      "tradeId": "6089309928699905",
      "type": "match",
      "time_received": "15:00:33.4172"
    },
    {
      "makerOrderId": "6754630f3ecf430007476004",
      "price": "15",
      "sequence": "6089310409340929",
      "side": "buy",
      "size": "0.65",
      "symbol": "HYPE-USDT",
      "takerOrderId": "675463129574f30007f308ff",
      "time": "1733583634730000000",
      "tradeId": "6089310409340929",
      "type": "match",
      "time_received": "15:00:34.7823"
    },
    {
      "makerOrderId": "6754630f3ecf430007476004",
      "price": "15",
      "sequence": "6089310798231553",
      "side": "buy",
      "size": "0.21",
      "symbol": "HYPE-USDT",
      "takerOrderId": "67546313716ab30007d5b148",
      "time": "1733583635461000000",
      "tradeId": "6089310798231553",
      "type": "match",
      "time_received": "15:00:35.5170"
    },
    {
      "makerOrderId": "6754630f3ecf430007476004",
      "price": "15",
      "sequence": "6089310948308993",
      "side": "buy",
      "size": "1.79",
      "symbol": "HYPE-USDT",
      "takerOrderId": "675463137cf7ff000786dff5",
      "time": "1733583635764000000",
      "tradeId": "6089310948308993",
      "type": "match",
      "time_received": "15:00:35.8120"
    },
    {
      "makerOrderId": "675463137cf7ff000786dff5",
      "price": "15",
      "sequence": "6089312067663873",
      "side": "sell",
      "size": "0.79",
      "symbol": "HYPE-USDT",
      "takerOrderId": "67546316ecb8b20007927e60",
      "time": "1733583638325000000",
      "tradeId": "6089312067663873",
      "type": "match",
      "time_received": "15:00:38.3732"
    },
    {
      "makerOrderId": "67546316ecb8b20007927e60",
      "price": "15",
      "sequence": "6089312545552385",
      "side": "buy",
      "size": "1013.03",
      "symbol": "HYPE-USDT",
      "takerOrderId": "675463171e1c9e0007372359",
      "time": "1733583639474000000",
      "tradeId": "6089312545552385",
      "type": "match",
      "time_received": "15:00:39.6544"
    },
    {
      "makerOrderId": "6754631a9574f30007f33e4d",
      "price": "14.997",
      "sequence": "6089314207152129",
      "side": "buy",
      "size": "3.14",
      "symbol": "HYPE-USDT",
      "takerOrderId": "6754631b1ed0d80007da7c30",
      "time": "1733583643201000000",
      "tradeId": "6089314207152129",
      "type": "match",
      "time_received": "15:00:43.2501"
    },
    {
      "makerOrderId": "6754631afd061e000784d343",
      "price": "14.997",
      "sequence": "6089314207152132",
      "side": "buy",
      "size": "3.14",
      "symbol": "HYPE-USDT",
      "takerOrderId": "6754631b1ed0d80007da7c30",
      "time": "1733583643201000000",
      "tradeId": "6089314207152132",
      "type": "match",
      "time_received": "15:00:43.2502"
    },
    {
      "makerOrderId": "6754631afd80ce0007664dc1",
      "price": "14.997",
      "sequence": "6089314207152135",
      "side": "buy",
      "size": "3.14",
      "symbol": "HYPE-USDT",
      "takerOrderId": "6754631b1ed0d80007da7c30",
      "time": "1733583643201000000",
      "tradeId": "6089314207152135",
      "type": "match",
      "time_received": "15:00:43.2502"
    },
    {
      "makerOrderId": "67546316ecb8b20007927e60",
      "price": "15",
      "sequence": "6089314207152138",
      "side": "buy",
      "size": "14.27",
      "symbol": "HYPE-USDT",
      "takerOrderId": "6754631b1ed0d80007da7c30",
      "time": "1733583643201000000",
      "tradeId": "6089314207152138",
      "type": "match",
      "time_received": "15:00:43.2503"
    },
    {
      "makerOrderId": "67546316ecb8b20007927e60",
      "price": "15",
      "sequence": "6089315827202049",
      "side": "buy",
      "size": "8.86",
      "symbol": "HYPE-USDT",
      "takerOrderId": "6754631fff2a9e0007f75561",
      "time": "1733583647406000000",
      "tradeId": "6089315827202049",
      "type": "match",
      "time_received": "15:00:47.4579"
    },
    {
      "makerOrderId": "675463202e6b3a00072477df",
      "price": "14.714",
      "sequence": "6089316805130241",
      "side": "sell",
      "size": "3.37",
      "symbol": "HYPE-USDT",
      "takerOrderId": "675463229574f30007f36ba7",
      "time": "1733583650011000000",
      "tradeId": "6089316805130241",
      "type": "match",
      "time_received": "15:00:50.0587"
    },
    {
      "makerOrderId": "675463202e6b3a0007247838",
      "price": "14.714",
      "sequence": "6089316805130244",
      "side": "sell",
      "size": "3.37",
      "symbol": "HYPE-USDT",
      "takerOrderId": "675463229574f30007f36ba7",
      "time": "1733583650011000000",
      "tradeId": "6089316805130244",
      "type": "match",
      "time_received": "15:00:50.0588"
    },
    {
      "makerOrderId": "675463202e6b3a0007247840",
      "price": "14.714",
      "sequence": "6089316805130247",
      "side": "sell",
      "size": "3.37",
      "symbol": "HYPE-USDT",
      "takerOrderId": "675463229574f30007f36ba7",
      "time": "1733583650011000000",
      "tradeId": "6089316805130247",
      "type": "match",
      "time_received": "15:00:50.0589"
    },
    {
      "makerOrderId": "6754631aa398ab00077bd4d6",
      "price": "14.702",
      "sequence": "6089316805130250",
      "side": "sell",
      "size": "29.94",
      "symbol": "HYPE-USDT",
      "takerOrderId": "675463229574f30007f36ba7",
      "time": "1733583650011000000",
      "tradeId": "6089316805130250",
      "type": "match",
      "time_received": "15:00:50.0589"
    },
    {
      "makerOrderId": "67546330716ab30007d66a1a",
      "price": "14.985",
      "sequence": "6089323384027137",
      "side": "buy",
      "size": "0.59",
      "symbol": "HYPE-USDT",
      "takerOrderId": "67546330a398ab00077c5f0c",
      "time": "1733583664885000000",
      "tradeId": "6089323384027137",
      "type": "match",
      "time_received": "15:01:04.9356"
    },
    {
      "makerOrderId": "67546344aef36e00078eba09",
      "price": "14.892",
      "sequence": "6089331721385985",
      "side": "buy",
      "size": "2.78",
      "symbol": "HYPE-USDT",
      "takerOrderId": "675463441e1c9e0007383a3d",
      "time": "1733583684379000000",
      "tradeId": "6089331721385985",
      "type": "match",
      "time_received": "15:01:24.4309"
    },
    {
      "makerOrderId": "675463433ecf43000748aa5c",
      "price": "14.893",
      "sequence": "6089331721385988",
      "side": "buy",
      "size": "3.37",
      "symbol": "HYPE-USDT",
      "takerOrderId": "675463441e1c9e0007383a3d",
      "time": "1733583684379000000",
      "tradeId": "6089331721385988",
      "type": "match",
      "time_received": "15:01:24.4309"
    },
    {
      "makerOrderId": "67546336aef36e00078e6373",
      "price": "14.899",
      "sequence": "6089331721385991",
      "side": "buy",
      "size": "13.15",
      "symbol": "HYPE-USDT",
      "takerOrderId": "675463441e1c9e0007383a3d",
      "time": "1733583684379000000",
      "tradeId": "6089331721385991",
      "type": "match",
      "time_received": "15:01:24.4310"
    },
    {
      "makerOrderId": "675463451e1c9e0007383ff7",
      "price": "14.898",
      "sequence": "6089335514478593",
      "side": "buy",
      "size": "1.17",
      "symbol": "HYPE-USDT",
      "takerOrderId": "6754634ce775000007fe87db",
      "time": "1733583692844000000",
      "tradeId": "6089335514478593",
      "type": "match",
      "time_received": "15:01:32.8974"
    },
    {
      "makerOrderId": "67546343fd80ce00076751c3",
      "price": "14.704",
      "sequence": "6089335843338241",
      "side": "sell",
      "size": "0.6",
      "symbol": "HYPE-USDT",
      "takerOrderId": "6754634d1ed0d80007dbbb8c",
      "time": "1733583693623000000",
      "tradeId": "6089335843338241",
      "type": "match",
      "time_received": "15:01:33.6718"
    },
    {
      "makerOrderId": "67546341fe36bf00070a5859",
      "price": "14.703",
      "sequence": "6089335843338244",
      "side": "sell",
      "size": "6.2",
      "symbol": "HYPE-USDT",
      "takerOrderId": "6754634d1ed0d80007dbbb8c",
      "time": "1733583693623000000",
      "tradeId": "6089335843338244",
      "type": "match",
      "time_received": "15:01:33.6719"
    },
    {
      "makerOrderId": "675463528338b900072a80bc",
      "price": "14.894",
      "sequence": "6089338522580993",
      "side": "buy",
      "size": "0.94",
      "symbol": "HYPE-USDT",
      "takerOrderId": "67546353f517900007c1b402",
      "time": "1733583699639000000",
      "tradeId": "6089338522580993",
      "type": "match",
      "time_received": "15:01:39.6914"
    },
    {
      "makerOrderId": "6754634d41bdfd000784e774",
      "price": "14.704",
      "sequence": "6089341227776001",
      "side": "sell",
      "size": "2.78",
      "symbol": "HYPE-USDT",
      "takerOrderId": "6754635afd80ce000767ef36",
      "time": "1733583706644000000",
      "tradeId": "6089341227776001",
      "type": "match",
      "time_received": "15:01:46.6959"
    },
    {
      "makerOrderId": "67546341fe36bf00070a5859",
      "price": "14.703",
      "sequence": "6089341227776004",
      "side": "sell",
      "size": "4.02",
      "symbol": "HYPE-USDT",
      "takerOrderId": "6754635afd80ce000767ef36",
      "time": "1733583706644000000",
      "tradeId": "6089341227776004",
      "type": "match",
      "time_received": "15:01:46.6960"
    },
    {
      "makerOrderId": "6754635ab1d2ab0007718689",
      "price": "14.888",
      "sequence": "6089341377198081",
      "side": "buy",
      "size": "3.15",
      "symbol": "HYPE-USDT",
      "takerOrderId": "6754635af517900007c1e040",
      "time": "1733583706978000000",
      "tradeId": "6089341377198081",
      "type": "match",
      "time_received": "15:01:47.0293"
    },
    {
      "makerOrderId": "6754635b1ed0d80007dc1c67",
      "price": "14.704",
      "sequence": "6089341655988225",
      "side": "sell",
      "size": "3.15",
      "symbol": "HYPE-USDT",
      "takerOrderId": "6754635bfe36bf00070b0a48",
      "time": "1733583707665000000",
      "tradeId": "6089341655988225",
      "type": "match",
      "time_received": "15:01:47.7622"
    },
    {
      "makerOrderId": "67546341fe36bf00070a5859",
      "price": "14.703",
      "sequence": "6089341655988228",
      "side": "sell",
      "size": "489.78",
      "symbol": "HYPE-USDT",
      "takerOrderId": "6754635bfe36bf00070b0a48",
      "time": "1733583707665000000",
      "tradeId": "6089341655988228",
      "type": "match",
      "time_received": "15:01:47.7623"
    },
    {
      "makerOrderId": "6754636ff517900007c25a71",
      "price": "14.8",
      "sequence": "6089353923540993",
      "side": "sell",
      "size": "1.68",
      "symbol": "HYPE-USDT",
      "takerOrderId": "6754637a7cf7ff000789691e",
      "time": "1733583738608000000",
      "tradeId": "6089353923540993",
      "type": "match",
      "time_received": "15:02:18.6627"
    },
    {
      "makerOrderId": "67546371e775000007ff6be5",
      "price": "14.704",
      "sequence": "6089353923540996",
      "side": "sell",
      "size": "46.41",
      "symbol": "HYPE-USDT",
      "takerOrderId": "6754637a7cf7ff000789691e",
      "time": "1733583738608000000",
      "tradeId": "6089353923540996",
      "type": "match",
      "time_received": "15:02:18.6629"
    },
    {
      "makerOrderId": "6754637b9574f30007f5a012",
      "price": "14.87",
      "sequence": "6089354724390913",
      "side": "buy",
      "size": "1.26",
      "symbol": "HYPE-USDT",
      "takerOrderId": "6754637cfe36bf00070bc865",
      "time": "1733583740358000000",
      "tradeId": "6089354724390913",
      "type": "match",
      "time_received": "15:02:20.4079"
    },
    {
      "makerOrderId": "6754637ab1d2ab00077241e7",
      "price": "14.871",
      "sequence": "6089354724390916",
      "side": "buy",
      "size": "1.92",
      "symbol": "HYPE-USDT",
      "takerOrderId": "6754637cfe36bf00070bc865",
      "time": "1733583740358000000",
      "tradeId": "6089354724390916",
      "type": "match",
      "time_received": "15:02:20.4080"
    },
    {
      "makerOrderId": "6754637ce775000007ffac18",
      "price": "14.873",
      "sequence": "6089358205270017",
      "side": "buy",
      "size": "1.43",
      "symbol": "HYPE-USDT",
      "takerOrderId": "6754638441bdfd0007863633",
      "time": "1733583748710000000",
      "tradeId": "6089358205270017",
      "type": "match",
      "time_received": "15:02:28.7570"
    },
    {
      "makerOrderId": "6754638baef36e00079070a8",
      "price": "14.869",
      "sequence": "6089362275448833",
      "side": "buy",
      "size": "0.03",
      "symbol": "HYPE-USDT",
      "takerOrderId": "6754638e716ab30007d8accc",
      "time": "1733583758651000000",
      "tradeId": "6089362275448833",
      "type": "match",
      "time_received": "15:02:38.6982"
    },
    {
      "makerOrderId": "67546389fd80ce000768fdbf",
      "price": "14.87",
      "sequence": "6089362275448836",
      "side": "buy",
      "size": "14.19",
      "symbol": "HYPE-USDT",
      "takerOrderId": "6754638e716ab30007d8accc",
      "time": "1733583758651000000",
      "tradeId": "6089362275448836",
      "type": "match",
      "time_received": "15:02:38.7053"
    },
    {
      "makerOrderId": "67546389fd80ce000768fdbf",
      "price": "14.87",
      "sequence": "6089363511326721",
      "side": "buy",
      "size": "11.14",
      "symbol": "HYPE-USDT",
      "takerOrderId": "67546391f517900007c31adb",
      "time": "1733583761999000000",
      "tradeId": "6089363511326721",
      "type": "match",
      "time_received": "15:02:42.0472"
    },
    {
      "makerOrderId": "67546389fd80ce000768fdbf",
      "price": "14.87",
      "sequence": "6089363579222017",
      "side": "buy",
      "size": "23.8",
      "symbol": "HYPE-USDT",
      "takerOrderId": "675463929574f30007f61cc6",
      "time": "1733583762234000000",
      "tradeId": "6089363579222017",
      "type": "match",
      "time_received": "15:02:42.2835"
    },
    {
      "makerOrderId": "67546389fd80ce000768fdbf",
      "price": "14.87",
      "sequence": "6089366385735681",
      "side": "buy",
      "size": "0.06",
      "symbol": "HYPE-USDT",
      "takerOrderId": "67546398a398ab00077eda1d",
      "time": "1733583769014000000",
      "tradeId": "6089366385735681",
      "type": "match",
      "time_received": "15:02:49.0601"
    },
    {
      "makerOrderId": "6754639cfd061e000787e5fc",
      "price": "14.806",
      "sequence": "6089370491303937",
      "side": "sell",
      "size": "3.37",
      "symbol": "HYPE-USDT",
      "takerOrderId": "675463a2e77500000700823d",
      "time": "1733583778802000000",
      "tradeId": "6089370491303937",
      "type": "match",
      "time_received": "15:02:58.8486"
    },
    {
      "makerOrderId": "675463a2e77500000700823d",
      "price": "14.806",
      "sequence": "6089371200272385",
      "side": "buy",
      "size": "19.58",
      "symbol": "HYPE-USDT",
      "takerOrderId": "675463a41e1c9e00073a7c5e",
      "time": "1733583780375000000",
      "tradeId": "6089371200272385",
      "type": "match",
      "time_received": "15:03:00.4216"
    },
    {
      "makerOrderId": "675463a2e77500000700823d",
      "price": "14.806",
      "sequence": "6089371582609409",
      "side": "buy",
      "size": "33.75",
      "symbol": "HYPE-USDT",
      "takerOrderId": "675463a58338b900072c6049",
      "time": "1733583781092000000",
      "tradeId": "6089371582609409",
      "type": "match",
      "time_received": "15:03:01.1392"
    },
    {
      "makerOrderId": "675463a2e77500000700823d",
      "price": "14.806",
      "sequence": "6089373204756481",
      "side": "buy",
      "size": "1.08",
      "symbol": "HYPE-USDT",
      "takerOrderId": "675463a83bb37e00075e3f69",
      "time": "1733583784743000000",
      "tradeId": "6089373204756481",
      "type": "match",
      "time_received": "15:03:04.7947"
    },
    {
      "makerOrderId": "675463a2e77500000700823d",
      "price": "14.806",
      "sequence": "6089374288721921",
      "side": "buy",
      "size": "7.54",
      "symbol": "HYPE-USDT",
      "takerOrderId": "675463aa3bb37e00075e4c16",
      "time": "1733583786980000000",
      "tradeId": "6089374288721921",
      "type": "match",
      "time_received": "15:03:07.0322"
    },
    {
      "makerOrderId": "675463a2e77500000700823d",
      "price": "14.806",
      "sequence": "6089374577080321",
      "side": "buy",
      "size": "20",
      "symbol": "HYPE-USDT",
      "takerOrderId": "675463abe77500000700bc75",
      "time": "1733583787630000000",
      "tradeId": "6089374577080321",
      "type": "match",
      "time_received": "15:03:07.6754"
    },
    {
      "makerOrderId": "6754639b1e1c9e00073a4463",
      "price": "14.805",
      "sequence": "6089374902794241",
      "side": "sell",
      "size": "0.79",
      "symbol": "HYPE-USDT",
      "takerOrderId": "675463ace77500000700c068",
      "time": "1733583788375000000",
      "tradeId": "6089374902794241",
      "type": "match",
      "time_received": "15:03:08.4250"
    },
    {
      "makerOrderId": "6754639b1e1c9e00073a4463",
      "price": "14.805",
      "sequence": "6089375026788353",
      "side": "sell",
      "size": "0.76",
      "symbol": "HYPE-USDT",
      "takerOrderId": "675463ac716ab30007d95dad",
      "time": "1733583788674000000",
      "tradeId": "6089375026788353",
      "type": "match",
      "time_received": "15:03:08.7302"
    },
    {
      "makerOrderId": "675463869574f30007f5debb",
      "price": "14.8",
      "sequence": "6089375026788356",
      "side": "sell",
      "size": "9.27",
      "symbol": "HYPE-USDT",
      "takerOrderId": "675463ac716ab30007d95dad",
      "time": "1733583788674000000",
      "tradeId": "6089375026788356",
      "type": "match",
      "time_received": "15:03:08.7303"
    },
    {
      "makerOrderId": "675463adfd80ce000769cf74",
      "price": "14.805",
      "sequence": "6089375863158785",
      "side": "buy",
      "size": "0.18",
      "symbol": "HYPE-USDT",
      "takerOrderId": "675463ae7cf7ff00078a97a3",
      "time": "1733583790772000000",
      "tradeId": "6089375863158785",
      "type": "match",
      "time_received": "15:03:10.8229"
    },
    {
      "makerOrderId": "675463adfd80ce000769cf74",
      "price": "14.805",
      "sequence": "6089376381941761",
      "side": "buy",
      "size": "3.19",
      "symbol": "HYPE-USDT",
      "takerOrderId": "675463afa398ab00077f66c3",
      "time": "1733583791862000000",
      "tradeId": "6089376381941761",
      "type": "match",
      "time_received": "15:03:11.9089"
    },
    {
      "makerOrderId": "675463a2e77500000700823d",
      "price": "14.806",
      "sequence": "6089376381941764",
      "side": "buy",
      "size": "50.33",
      "symbol": "HYPE-USDT",
      "takerOrderId": "675463afa398ab00077f66c3",
      "time": "1733583791862000000",
      "tradeId": "6089376381941764",
      "type": "match",
      "time_received": "15:03:11.9090"
    },
    {
      "makerOrderId": "6754639c1ed0d80007dd8cc4",
      "price": "14.866",
      "sequence": "6089377996093441",
      "side": "buy",
      "size": "1.18",
      "symbol": "HYPE-USDT",
      "takerOrderId": "675463b3ff2a9e0007fadc81",
      "time": "1733583795378000000",
      "tradeId": "6089377996093441",
      "type": "match",
      "time_received": "15:03:15.4258"
    },
    {
      "makerOrderId": "675463affe36bf00070cf3db",
      "price": "14.801",
      "sequence": "6089378864052225",
      "side": "sell",
      "size": "3.37",
      "symbol": "HYPE-USDT",
      "takerOrderId": "675463b541bdfd00078752c9",
      "time": "1733583797327000000",
      "tradeId": "6089378864052225",
      "type": "match",
      "time_received": "15:03:17.3763"
    },
    {
      "makerOrderId": "675463869574f30007f5debb",
      "price": "14.8",
      "sequence": "6089378864052228",
      "side": "sell",
      "size": "10.73",
      "symbol": "HYPE-USDT",
      "takerOrderId": "675463b541bdfd00078752c9",
      "time": "1733583797327000000",
      "tradeId": "6089378864052228",
      "type": "match",
      "time_received": "15:03:17.3765"
    },
    {
      "makerOrderId": "675463a5716ab30007d932fb",
      "price": "14.8",
      "sequence": "6089378864052231",
      "side": "sell",
      "size": "25.58",
      "symbol": "HYPE-USDT",
      "takerOrderId": "675463b541bdfd00078752c9",
      "time": "1733583797327000000",
      "tradeId": "6089378864052231",
      "type": "match",
      "time_received": "15:03:17.3766"
    },
    {
      "makerOrderId": "675463b541bdfd00078752c9",
      "price": "14.8",
      "sequence": "6089379101292545",
      "side": "buy",
      "size": "10.82",
      "symbol": "HYPE-USDT",
      "takerOrderId": "675463b53ecf4300074b5e47",
      "time": "1733583797855000000",
      "tradeId": "6089379101292545",
      "type": "match",
      "time_received": "15:03:17.9045"
    },
    {
      "makerOrderId": "675463b541bdfd00078752c9",
      "price": "14.8",
      "sequence": "6089383842560001",
      "side": "buy",
      "size": "0.11",
      "symbol": "HYPE-USDT",
      "takerOrderId": "675463c13ecf4300074ba4bc",
      "time": "1733583809470000000",
      "tradeId": "6089383842560001",
      "type": "match",
      "time_received": "15:03:29.5224"
    },
    {
      "makerOrderId": "675463c3ff2a9e0007fb4511",
      "price": "14.799",
      "sequence": "6089387031410689",
      "side": "buy",
      "size": "6.75",
      "symbol": "HYPE-USDT",
      "takerOrderId": "675463c81ed0d80007dea295",
      "time": "1733583816780000000",
      "tradeId": "6089387031410689",
      "type": "match",
      "time_received": "15:03:36.8283"
    },
    {
      "makerOrderId": "675463cbecb8b2000796d4a5",
      "price": "14.798",
      "sequence": "6089388510689281",
      "side": "buy",
      "size": "0.07",
      "symbol": "HYPE-USDT",
      "takerOrderId": "675463cc1e1c9e00073b78ca",
      "time": "1733583820439000000",
      "tradeId": "6089388510689281",
      "type": "match",
      "time_received": "15:03:40.4936"
    },
    {
      "makerOrderId": "675463cf9574f30007f79234",
      "price": "14.706",
      "sequence": "6089390084339713",
      "side": "sell",
      "size": "0.02",
      "symbol": "HYPE-USDT",
      "takerOrderId": "675463d0e775000007019fd1",
      "time": "1733583824345000000",
      "tradeId": "6089390084339713",
      "type": "match",
      "time_received": "15:03:44.3956"
    },
    {
      "makerOrderId": "6754638f7cf7ff000789ddb0",
      "price": "14.705",
      "sequence": "6089390084339716",
      "side": "sell",
      "size": "26.49",
      "symbol": "HYPE-USDT",
      "takerOrderId": "675463d0e775000007019fd1",
      "time": "1733583824345000000",
      "tradeId": "6089390084339716",
      "type": "match",
      "time_received": "15:03:44.3956"
    },
    {
      "makerOrderId": "675463d0e775000007019fd1",
      "price": "14.705",
      "sequence": "6089390762637313",
      "side": "buy",
      "size": "5",
      "symbol": "HYPE-USDT",
      "takerOrderId": "675463d21e1c9e00073b9973",
      "time": "1733583826037000000",
      "tradeId": "6089390762637313",
      "type": "match",
      "time_received": "15:03:46.0851"
    },
    {
      "makerOrderId": "675463d0e775000007019fd1",
      "price": "14.705",
      "sequence": "6089390860285953",
      "side": "buy",
      "size": "25.51",
      "symbol": "HYPE-USDT",
      "takerOrderId": "675463d2fd80ce00076ab4ae",
      "time": "1733583826280000000",
      "tradeId": "6089390860285953",
      "type": "match",
      "time_received": "15:03:46.3303"
    },
    {
      "makerOrderId": "675463d0e775000007019fd1",
      "price": "14.705",
      "sequence": "6089391418521601",
      "side": "buy",
      "size": "33.66",
      "symbol": "HYPE-USDT",
      "takerOrderId": "675463d3f517900007c4ab75",
      "time": "1733583827852000000",
      "tradeId": "6089391418521601",
      "type": "match",
      "time_received": "15:03:47.9050"
    },
    {
      "makerOrderId": "675463d0e775000007019fd1",
      "price": "14.705",
      "sequence": "6089392241391617",
      "side": "buy",
      "size": "2.48",
      "symbol": "HYPE-USDT",
      "takerOrderId": "675463d58338b900072d8e59",
      "time": "1733583829481000000",
      "tradeId": "6089392241391617",
      "type": "match",
      "time_received": "15:03:49.5301"
    },
    {
      "makerOrderId": "675463d51ed0d80007def5d5",
      "price": "14.798",
      "sequence": "6089393066489857",
      "side": "buy",
      "size": "2.52",
      "symbol": "HYPE-USDT",
      "takerOrderId": "675463d7fd061e0007895abb",
      "time": "1733583831371000000",
      "tradeId": "6089393066489857",
      "type": "match",
      "time_received": "15:03:51.4213"
    },
    {
      "makerOrderId": "675463e08338b900072dd34c",
      "price": "14.798",
      "sequence": "6089397575366657",
      "side": "buy",
      "size": "0.8",
      "symbol": "HYPE-USDT",
      "takerOrderId": "675463e1ecb8b20007976689",
      "time": "1733583841849000000",
      "tradeId": "6089397575366657",
      "type": "match",
      "time_received": "15:04:01.9047"
    },
    {
      "makerOrderId": "675463c3ff2a9e0007fb4511",
      "price": "14.799",
      "sequence": "6089397575366660",
      "side": "buy",
      "size": "44.2",
      "symbol": "HYPE-USDT",
      "takerOrderId": "675463e1ecb8b20007976689",
      "time": "1733583841849000000",
      "tradeId": "6089397575366660",
      "type": "match",
      "time_received": "15:04:01.9048"
    },
    {
      "makerOrderId": "675463c3ff2a9e0007fb4511",
      "price": "14.799",
      "sequence": "6089401985153025",
      "side": "buy",
      "size": "0.92",
      "symbol": "HYPE-USDT",
      "takerOrderId": "675463eb1e1c9e00073c47c8",
      "time": "1733583851494000000",
      "tradeId": "6089401985153025",
      "type": "match",
      "time_received": "15:04:11.5408"
    },
    {
      "makerOrderId": "675463c3ff2a9e0007fb4511",
      "price": "14.799",
      "sequence": "6089403828549633",
      "side": "buy",
      "size": "3.37",
      "symbol": "HYPE-USDT",
      "takerOrderId": "675463effd80ce00076b79f2",
      "time": "1733583855755000000",
      "tradeId": "6089403828549633",
      "type": "match",
      "time_received": "15:04:15.8082"
    },
    {
      "makerOrderId": "675463e041bdfd000788687a",
      "price": "14.704",
      "sequence": "6089404430301185",
      "side": "sell",
      "size": "0.06",
      "symbol": "HYPE-USDT",
      "takerOrderId": "675463f18338b900072e4511",
      "time": "1733583857146000000",
      "tradeId": "6089404430301185",
      "type": "match",
      "time_received": "15:04:17.1934"
    },
    {
      "makerOrderId": "675463e041bdfd000788687a",
      "price": "14.704",
      "sequence": "6089404522575873",
      "side": "sell",
      "size": "0.06",
      "symbol": "HYPE-USDT",
      "takerOrderId": "675463f18338b900072e4632",
      "time": "1733583857365000000",
      "tradeId": "6089404522575873",
      "type": "match",
      "time_received": "15:04:17.4145"
    },
    {
      "makerOrderId": "675463e041bdfd000788687a",
      "price": "14.704",
      "sequence": "6089404562683905",
      "side": "sell",
      "size": "0.06",
      "symbol": "HYPE-USDT",
      "takerOrderId": "675463f17cf7ff00078c4419",
      "time": "1733583857479000000",
      "tradeId": "6089404562683905",
      "type": "match",
      "time_received": "15:04:17.5304"
    },
    {
      "makerOrderId": "675463e041bdfd000788687a",
      "price": "14.704",
      "sequence": "6089404744873985",
      "side": "sell",
      "size": "0.06",
      "symbol": "HYPE-USDT",
      "takerOrderId": "675463f1b1d2ab0007751d7d",
      "time": "1733583857846000000",
      "tradeId": "6089404744873985",
      "type": "match",
      "time_received": "15:04:17.8945"
    },
    {
      "makerOrderId": "675463e041bdfd000788687a",
      "price": "14.704",
      "sequence": "6089404816046081",
      "side": "sell",
      "size": "0.06",
      "symbol": "HYPE-USDT",
      "takerOrderId": "675463f18338b900072e499f",
      "time": "1733583857949000000",
      "tradeId": "6089404816046081",
      "type": "match",
      "time_received": "15:04:17.9952"
    },
    {
      "makerOrderId": "675463e041bdfd000788687a",
      "price": "14.704",
      "sequence": "6089405113317377",
      "side": "sell",
      "size": "0.06",
      "symbol": "HYPE-USDT",
      "takerOrderId": "675463f2f517900007c57af7",
      "time": "1733583858680000000",
      "tradeId": "6089405113317377",
      "type": "match",
      "time_received": "15:04:18.7276"
    },
    {
      "makerOrderId": "675463f2ff2a9e0007fc72aa",
      "price": "14.71",
      "sequence": "6089405188945921",
      "side": "buy",
      "size": "0.06",
      "symbol": "HYPE-USDT",
      "takerOrderId": "675463f2fe36bf00070ea073",
      "time": "1733583858836000000",
      "tradeId": "6089405188945921",
      "type": "match",
      "time_received": "15:04:18.8894"
    },
    {
      "makerOrderId": "675463f1ecb8b2000797cfd2",
      "price": "14.715",
      "sequence": "6089405188945924",
      "side": "buy",
      "size": "0.06",
      "symbol": "HYPE-USDT",
      "takerOrderId": "675463f2fe36bf00070ea073",
      "time": "1733583858836000000",
      "tradeId": "6089405188945924",
      "type": "match",
      "time_received": "15:04:18.8895"
    },
    {
      "makerOrderId": "675463f21ed0d80007dfb17a",
      "price": "14.72",
      "sequence": "6089405188945927",
      "side": "buy",
      "size": "0.06",
      "symbol": "HYPE-USDT",
      "takerOrderId": "675463f2fe36bf00070ea073",
      "time": "1733583858836000000",
      "tradeId": "6089405188945927",
      "type": "match",
      "time_received": "15:04:18.8895"
    },
    {
      "makerOrderId": "675463f08338b900072e42c9",
      "price": "14.755",
      "sequence": "6089405188945930",
      "side": "buy",
      "size": "0.06",
      "symbol": "HYPE-USDT",
      "takerOrderId": "675463f2fe36bf00070ea073",
      "time": "1733583858836000000",
      "tradeId": "6089405188945930",
      "type": "match",
      "time_received": "15:04:18.8896"
    },
    {
      "makerOrderId": "675463f0f517900007c56ee5",
      "price": "14.775",
      "sequence": "6089405188945933",
      "side": "buy",
      "size": "0.06",
      "symbol": "HYPE-USDT",
      "takerOrderId": "675463f2fe36bf00070ea073",
      "time": "1733583858836000000",
      "tradeId": "6089405188945933",
      "type": "match",
      "time_received": "15:04:18.8896"
    },
    {
      "makerOrderId": "675463f2716ab30007db1c41",
      "price": "14.786",
      "sequence": "6089405188945936",
      "side": "buy",
      "size": "0.3",
      "symbol": "HYPE-USDT",
      "takerOrderId": "675463f2fe36bf00070ea073",
      "time": "1733583858836000000",
      "tradeId": "6089405188945936",
      "type": "match",
      "time_received": "15:04:18.8896"
    },
    {
      "makerOrderId": "675463c3ff2a9e0007fb4511",
      "price": "14.799",
      "sequence": "6089405188945939",
      "side": "buy",
      "size": "11.06",
      "symbol": "HYPE-USDT",
      "takerOrderId": "675463f2fe36bf00070ea073",
      "time": "1733583858836000000",
      "tradeId": "6089405188945939",
      "type": "match",
      "time_received": "15:04:18.8896"
    },
    {
      "makerOrderId": "675463e041bdfd000788687a",
      "price": "14.704",
      "sequence": "6089405193271297",
      "side": "sell",
      "size": "0.06",
      "symbol": "HYPE-USDT",
      "takerOrderId": "675463f2fe36bf00070ea09f",
      "time": "1733583858847000000",
      "tradeId": "6089405193271297",
      "type": "match",
      "time_received": "15:04:18.8970"
    },
    {
      "makerOrderId": "675463e041bdfd000788687a",
      "price": "14.704",
      "sequence": "6089405386078209",
      "side": "sell",
      "size": "0.06",
      "symbol": "HYPE-USDT",
      "takerOrderId": "675463f3fd80ce00076b8e17",
      "time": "1733583859165000000",
      "tradeId": "6089405386078209",
      "type": "match",
      "time_received": "15:04:19.2160"
    },
    {
      "makerOrderId": "675463e041bdfd000788687a",
      "price": "14.704",
      "sequence": "6089405395122177",
      "side": "sell",
      "size": "0.06",
      "symbol": "HYPE-USDT",
      "takerOrderId": "675463f38338b900072e5193",
      "time": "1733583859182000000",
      "tradeId": "6089405395122177",
      "type": "match",
      "time_received": "15:04:19.2288"
    },
    {
      "makerOrderId": "675463e041bdfd000788687a",
      "price": "14.704",
      "sequence": "6089405464328193",
      "side": "sell",
      "size": "0.06",
      "symbol": "HYPE-USDT",
      "takerOrderId": "675463f3b1d2ab00077526d1",
      "time": "1733583859353000000",
      "tradeId": "6089405464328193",
      "type": "match",
      "time_received": "15:04:19.4017"
    },
    {
      "makerOrderId": "675463e041bdfd000788687a",
      "price": "14.704",
      "sequence": "6089405807998977",
      "side": "sell",
      "size": "0.06",
      "symbol": "HYPE-USDT",
      "takerOrderId": "675463f43ecf4300074cec77",
      "time": "1733583860173000000",
      "tradeId": "6089405807998977",
      "type": "match",
      "time_received": "15:04:20.2245"
    },
    {
      "makerOrderId": "675463e041bdfd000788687a",
      "price": "14.704",
      "sequence": "6089405892540417",
      "side": "sell",
      "size": "0.06",
      "symbol": "HYPE-USDT",
      "takerOrderId": "675463f4716ab30007db2671",
      "time": "1733583860341000000",
      "tradeId": "6089405892540417",
      "type": "match",
      "time_received": "15:04:20.3926"
    },
    {
      "makerOrderId": "675463e041bdfd000788687a",
      "price": "14.704",
      "sequence": "6089411340941313",
      "side": "sell",
      "size": "0.06",
      "symbol": "HYPE-USDT",
      "takerOrderId": "675464003bb37e00076073f6",
      "time": "1733583872774000000",
      "tradeId": "6089411340941313",
      "type": "match",
      "time_received": "15:04:32.8191"
    },
    {
      "makerOrderId": "675463e041bdfd000788687a",
      "price": "14.704",
      "sequence": "6089411511859201",
      "side": "sell",
      "size": "0.06",
      "symbol": "HYPE-USDT",
      "takerOrderId": "675464017cf7ff00078ca881",
      "time": "1733583873133000000",
      "tradeId": "6089411511859201",
      "type": "match",
      "time_received": "15:04:33.1806"
    },
    {
      "makerOrderId": "675463ffe77500000702d310",
      "price": "14.705",
      "sequence": "6089414662174721",
      "side": "buy",
      "size": "0.06",
      "symbol": "HYPE-USDT",
      "takerOrderId": "67546408b1d2ab000775b087",
      "time": "1733583880590000000",
      "tradeId": "6089414662174721",
      "type": "match",
      "time_received": "15:04:40.6401"
    },
    {
      "makerOrderId": "675463f3fe36bf00070ea795",
      "price": "14.72",
      "sequence": "6089414662174724",
      "side": "buy",
      "size": "0.06",
      "symbol": "HYPE-USDT",
      "takerOrderId": "67546408b1d2ab000775b087",
      "time": "1733583880590000000",
      "tradeId": "6089414662174724",
      "type": "match",
      "time_received": "15:04:40.6402"
    },
    {
      "makerOrderId": "675464078338b900072ed8cb",
      "price": "14.796",
      "sequence": "6089414662174727",
      "side": "buy",
      "size": "0.54",
      "symbol": "HYPE-USDT",
      "takerOrderId": "67546408b1d2ab000775b087",
      "time": "1733583880590000000",
      "tradeId": "6089414662174727",
      "type": "match",
      "time_received": "15:04:40.6402"
    },
    {
      "makerOrderId": "67546407f517900007c604e4",
      "price": "14.797",
      "sequence": "6089414662174730",
      "side": "buy",
      "size": "2.04",
      "symbol": "HYPE-USDT",
      "takerOrderId": "67546408b1d2ab000775b087",
      "time": "1733583880590000000",
      "tradeId": "6089414662174730",
      "type": "match",
      "time_received": "15:04:40.6403"
    },
    {
      "makerOrderId": "6754640a2e6b3a00072a2871",
      "price": "14.705",
      "sequence": "6089419643041793",
      "side": "sell",
      "size": "2.11",
      "symbol": "HYPE-USDT",
      "takerOrderId": "67546414ff2a9e0007fd4ea4",
      "time": "1733583892776000000",
      "tradeId": "6089419643041793",
      "type": "match",
      "time_received": "15:04:52.8271"
    },
    {
      "makerOrderId": "67546407f517900007c604e4",
      "price": "14.797",
      "sequence": "6089419659425793",
      "side": "buy",
      "size": "2.03",
      "symbol": "HYPE-USDT",
      "takerOrderId": "67546414ff2a9e0007fd4ed9",
      "time": "1733583892837000000",
      "tradeId": "6089419659425793",
      "type": "match",
      "time_received": "15:04:52.8849"
    },
    {
      "makerOrderId": "675464141e1c9e00073d4e90",
      "price": "14.796",
      "sequence": "6089419856820225",
      "side": "buy",
      "size": "2.11",
      "symbol": "HYPE-USDT",
      "takerOrderId": "67546415fd061e00078aea4e",
      "time": "1733583893269000000",
      "tradeId": "6089419856820225",
      "type": "match",
      "time_received": "15:04:53.3174"
    },
    {
      "makerOrderId": "67546407f517900007c604e4",
      "price": "14.797",
      "sequence": "6089419856820228",
      "side": "buy",
      "size": "11.61",
      "symbol": "HYPE-USDT",
      "takerOrderId": "67546415fd061e00078aea4e",
      "time": "1733583893269000000",
      "tradeId": "6089419856820228",
      "type": "match",
      "time_received": "15:04:53.3176"
    },
    {
      "makerOrderId": "67546415aef36e000793d102",
      "price": "14.703",
      "sequence": "6089420878395393",
      "side": "sell",
      "size": "1.28",
      "symbol": "HYPE-USDT",
      "takerOrderId": "675464178338b900072f3d3a",
      "time": "1733583895688000000",
      "tradeId": "6089420878395393",
      "type": "match",
      "time_received": "15:04:55.7350"
    },
    {
      "makerOrderId": "67546330aef36e00078e38cb",
      "price": "14.702",
      "sequence": "6089420878395396",
      "side": "sell",
      "size": "1.7",
      "symbol": "HYPE-USDT",
      "takerOrderId": "675464178338b900072f3d3a",
      "time": "1733583895688000000",
      "tradeId": "6089420878395396",
      "type": "match",
      "time_received": "15:04:55.7350"
    },
    {
      "makerOrderId": "67546362ff2a9e0007f905a5",
      "price": "14.702",
      "sequence": "6089420878395399",
      "side": "sell",
      "size": "0.09",
      "symbol": "HYPE-USDT",
      "takerOrderId": "675464178338b900072f3d3a",
      "time": "1733583895688000000",
      "tradeId": "6089420878395399",
      "type": "match",
      "time_received": "15:04:55.7352"
    },
    {
      "makerOrderId": "675463d8b1d2ab00077476a4",
      "price": "14.702",
      "sequence": "6089420878395402",
      "side": "sell",
      "size": "1.64",
      "symbol": "HYPE-USDT",
      "takerOrderId": "675464178338b900072f3d3a",
      "time": "1733583895688000000",
      "tradeId": "6089420878395402",
      "type": "match",
      "time_received": "15:04:55.7352"
    },
    {
      "makerOrderId": "675462f07cf7ff000785f6fb",
      "price": "14.7",
      "sequence": "6089420878395405",
      "side": "sell",
      "size": "10",
      "symbol": "HYPE-USDT",
      "takerOrderId": "675464178338b900072f3d3a",
      "time": "1733583895688000000",
      "tradeId": "6089420878395405",
      "type": "match",
      "time_received": "15:04:55.7354"
    },
    {
      "makerOrderId": "675463fa3ecf4300074d1895",
      "price": "14.7",
      "sequence": "6089420878395408",
      "side": "sell",
      "size": "1.82",
      "symbol": "HYPE-USDT",
      "takerOrderId": "675464178338b900072f3d3a",
      "time": "1733583895688000000",
      "tradeId": "6089420878395408",
      "type": "match",
      "time_received": "15:04:55.7354"
    },
    {
      "makerOrderId": "675463e7e775000007023eeb",
      "price": "14.593",
      "sequence": "6089420878395411",
      "side": "sell",
      "size": "47.43",
      "symbol": "HYPE-USDT",
      "takerOrderId": "675464178338b900072f3d3a",
      "time": "1733583895688000000",
      "tradeId": "6089420878395411",
      "type": "match",
      "time_received": "15:04:55.7355"
    },
    {
      "makerOrderId": "675464168338b900072f32e5",
      "price": "14.593",
      "sequence": "6089420878395414",
      "side": "sell",
      "size": "2.9",
      "symbol": "HYPE-USDT",
      "takerOrderId": "675464178338b900072f3d3a",
      "time": "1733583895688000000",
      "tradeId": "6089420878395414",
      "type": "match",
      "time_received": "15:04:55.7356"
    },
    {
      "makerOrderId": "675464073bb37e000760a0be",
      "price": "14.562",
      "sequence": "6089420878395417",
      "side": "sell",
      "size": "133.14",
      "symbol": "HYPE-USDT",
      "takerOrderId": "675464178338b900072f3d3a",
      "time": "1733583895688000000",
      "tradeId": "6089420878395417",
      "type": "match",
      "time_received": "15:04:55.7421"
    },
    {
      "makerOrderId": "67546417a398ab000782051c",
      "price": "14.796",
      "sequence": "6089421930117121",
      "side": "buy",
      "size": "1",
      "symbol": "HYPE-USDT",
      "takerOrderId": "6754641a7cf7ff00078d498a",
      "time": "1733583898521000000",
      "tradeId": "6089421930117121",
      "type": "match",
      "time_received": "15:04:58.5688"
    },
    {
      "makerOrderId": "67546428f517900007c6d884",
      "price": "14.793",
      "sequence": "6089430635264001",
      "side": "buy",
      "size": "0.09",
      "symbol": "HYPE-USDT",
      "takerOrderId": "6754642efe36bf00071022be",
      "time": "1733583918678000000",
      "tradeId": "6089430635264001",
      "type": "match",
      "time_received": "15:05:18.7248"
    },
    {
      "makerOrderId": "67546428f517900007c6d884",
      "price": "14.793",
      "sequence": "6089430657284097",
      "side": "buy",
      "size": "0.19",
      "symbol": "HYPE-USDT",
      "takerOrderId": "6754642eecb8b20007995683",
      "time": "1733583918737000000",
      "tradeId": "6089430657284097",
      "type": "match",
      "time_received": "15:05:18.7867"
    },
    {
      "makerOrderId": "675464283ecf4300074e3ec0",
      "price": "14.794",
      "sequence": "6089430657284100",
      "side": "buy",
      "size": "1.64",
      "symbol": "HYPE-USDT",
      "takerOrderId": "6754642eecb8b20007995683",
      "time": "1733583918737000000",
      "tradeId": "6089430657284100",
      "type": "match",
      "time_received": "15:05:18.7868"
    },
    {
      "makerOrderId": "6754642341bdfd00078a15a7",
      "price": "14.795",
      "sequence": "6089430657284103",
      "side": "buy",
      "size": "0.2",
      "symbol": "HYPE-USDT",
      "takerOrderId": "6754642eecb8b20007995683",
      "time": "1733583918737000000",
      "tradeId": "6089430657284103",
      "type": "match",
      "time_received": "15:05:18.7868"
    },
    {
      "makerOrderId": "675464153bb37e000760fa75",
      "price": "14.797",
      "sequence": "6089430657284106",
      "side": "buy",
      "size": "11.48",
      "symbol": "HYPE-USDT",
      "takerOrderId": "6754642eecb8b20007995683",
      "time": "1733583918737000000",
      "tradeId": "6089430657284106",
      "type": "match",
      "time_received": "15:05:18.7869"
    },
    {
      "makerOrderId": "675464347cf7ff00078df1b9",
      "price": "14.79",
      "sequence": "6089435614951425",
      "side": "buy",
      "size": "3.42",
      "symbol": "HYPE-USDT",
      "takerOrderId": "6754643a7cf7ff00078e1bbf",
      "time": "1733583930846000000",
      "tradeId": "6089435614951425",
      "type": "match",
      "time_received": "15:05:30.8948"
    },
    {
      "makerOrderId": "675464153bb37e000760fa75",
      "price": "14.797",
      "sequence": "6089435614951428",
      "side": "buy",
      "size": "95.28",
      "symbol": "HYPE-USDT",
      "takerOrderId": "6754643a7cf7ff00078e1bbf",
      "time": "1733583930846000000",
      "tradeId": "6089435614951428",
      "type": "match",
      "time_received": "15:05:30.8949"
    },
    {
      "makerOrderId": "6754641ffd061e00078b25bc",
      "price": "14.87",
      "sequence": "6089436085106689",
      "side": "buy",
      "size": "50.43",
      "symbol": "HYPE-USDT",
      "takerOrderId": "6754643c716ab30007dcf31e",
      "time": "1733583932077000000",
      "tradeId": "6089436085106689",
      "type": "match",
      "time_received": "15:05:32.1287"
    },
    {
      "makerOrderId": "6754643a7cf7ff00078e1bbf",
      "price": "14.797",
      "sequence": "6089440949712897",
      "side": "sell",
      "size": "50",
      "symbol": "HYPE-USDT",
      "takerOrderId": "675464478338b90007306b29",
      "time": "1733583943579000000",
      "tradeId": "6089440949712897",
      "type": "match",
      "time_received": "15:05:43.6234"
    },
    {
      "makerOrderId": "6754641ffd061e00078b25bc",
      "price": "14.87",
      "sequence": "6089445516130305",
      "side": "buy",
      "size": "3.44",
      "symbol": "HYPE-USDT",
      "takerOrderId": "67546453fd80ce00076df2bf",
      "time": "1733583955778000000",
      "tradeId": "6089445516130305",
      "type": "match",
      "time_received": "15:05:55.8283"
    },
    {
      "makerOrderId": "675464511ed0d80007e20afd",
      "price": "14.801",
      "sequence": "6089450230790145",
      "side": "sell",
      "size": "3.37",
      "symbol": "HYPE-USDT",
      "takerOrderId": "6754645f1e1c9e00073f24ae",
      "time": "1733583967039000000",
      "tradeId": "6089450230790145",
      "type": "match",
      "time_received": "15:06:07.0883"
    },
    {
      "makerOrderId": "675464513bb37e000762700f",
      "price": "14.8",
      "sequence": "6089450230790148",
      "side": "sell",
      "size": "54.84",
      "symbol": "HYPE-USDT",
      "takerOrderId": "6754645f1e1c9e00073f24ae",
      "time": "1733583967039000000",
      "tradeId": "6089450230790148",
      "type": "match",
      "time_received": "15:06:07.0885"
    },
    {
      "makerOrderId": "6754645ffd061e00078cbe8f",
      "price": "14.869",
      "sequence": "6089454668494849",
      "side": "buy",
      "size": "1.68",
      "symbol": "HYPE-USDT",
      "takerOrderId": "67546469fd061e00078d043f",
      "time": "1733583977614000000",
      "tradeId": "6089454668494849",
      "type": "match",
      "time_received": "15:06:17.6593"
    },
    {
      "makerOrderId": "6754645ffd061e00078cbe8f",
      "price": "14.869",
      "sequence": "6089461666822145",
      "side": "buy",
      "size": "0.85",
      "symbol": "HYPE-USDT",
      "takerOrderId": "67546479ecb8b200079b4936",
      "time": "1733583993168000000",
      "tradeId": "6089461666822145",
      "type": "match",
      "time_received": "15:06:33.2335"
    },
    {
      "makerOrderId": "67546478fd80ce00076eff6e",
      "price": "14.806",
      "sequence": "6089461857269761",
      "side": "sell",
      "size": "0.67",
      "symbol": "HYPE-USDT",
      "takerOrderId": "675464791ed0d80007e32bad",
      "time": "1733583993675000000",
      "tradeId": "6089461857269761",
      "type": "match",
      "time_received": "15:06:33.7288"
    },
    {
      "makerOrderId": "675464513bb37e000762700f",
      "price": "14.8",
      "sequence": "6089461857269764",
      "side": "sell",
      "size": "1.01",
      "symbol": "HYPE-USDT",
      "takerOrderId": "675464791ed0d80007e32bad",
      "time": "1733583993675000000",
      "tradeId": "6089461857269764",
      "type": "match",
      "time_received": "15:06:33.7288"
    },
    {
      "makerOrderId": "675464848338b90007320abd",
      "price": "14.869",
      "sequence": "6089471835781121",
      "side": "buy",
      "size": "0.84",
      "symbol": "HYPE-USDT",
      "takerOrderId": "675464917cf7ff00079069bc",
      "time": "1733584017786000000",
      "tradeId": "6089471835781121",
      "type": "match",
      "time_received": "15:06:57.8350"
    },
    {
      "makerOrderId": "6754641ffd061e00078b25bc",
      "price": "14.87",
      "sequence": "6089471835781124",
      "side": "buy",
      "size": "0.81",
      "symbol": "HYPE-USDT",
      "takerOrderId": "675464917cf7ff00079069bc",
      "time": "1733584017786000000",
      "tradeId": "6089471835781124",
      "type": "match",
      "time_received": "15:06:57.8351"
    },
    {
      "makerOrderId": "675464842e6b3a00072d4e8f",
      "price": "14.801",
      "sequence": "6089475050190849",
      "side": "sell",
      "size": "1.65",
      "symbol": "HYPE-USDT",
      "takerOrderId": "675464993ecf430007512ec3",
      "time": "1733584025767000000",
      "tradeId": "6089475050190849",
      "type": "match",
      "time_received": "15:07:05.8161"
    },
    {
      "makerOrderId": "67546499b1d2ab0007796dd6",
      "price": "14.869",
      "sequence": "6089479739947009",
      "side": "buy",
      "size": "1.65",
      "symbol": "HYPE-USDT",
      "takerOrderId": "675464a4716ab30007dfb699",
      "time": "1733584036674000000",
      "tradeId": "6089479739947009",
      "type": "match",
      "time_received": "15:07:16.7276"
    },
    {
      "makerOrderId": "6754641ffd061e00078b25bc",
      "price": "14.87",
      "sequence": "6089479739947012",
      "side": "buy",
      "size": "4.36",
      "symbol": "HYPE-USDT",
      "takerOrderId": "675464a4716ab30007dfb699",
      "time": "1733584036674000000",
      "tradeId": "6089479739947012",
      "type": "match",
      "time_received": "15:07:16.7277"
    },
    {
      "makerOrderId": "6754641ffd061e00078b25bc",
      "price": "14.87",
      "sequence": "6089480846325761",
      "side": "buy",
      "size": "1.27",
      "symbol": "HYPE-USDT",
      "takerOrderId": "675464a77cf7ff000790f98e",
      "time": "1733584039373000000",
      "tradeId": "6089480846325761",
      "type": "match",
      "time_received": "15:07:19.4226"
    },
    {
      "makerOrderId": "6754641ffd061e00078b25bc",
      "price": "14.87",
      "sequence": "6089482967988225",
      "side": "buy",
      "size": "0.86",
      "symbol": "HYPE-USDT",
      "takerOrderId": "675464ac7cf7ff0007911929",
      "time": "1733584044184000000",
      "tradeId": "6089482967988225",
      "type": "match",
      "time_received": "15:07:24.2310"
    },
    {
      "makerOrderId": "6754644fecb8b200079a2477",
      "price": "14.87",
      "sequence": "6089491613366273",
      "side": "buy",
      "size": "6.75",
      "symbol": "HYPE-USDT",
      "takerOrderId": "675464c2e77500000707d2de",
      "time": "1733584066058000000",
      "tradeId": "6089491613366273",
      "type": "match",
      "time_received": "15:07:46.1245"
    },
    {
      "makerOrderId": "6754636d1e1c9e0007394283",
      "price": "14.874",
      "sequence": "6089491613366276",
      "side": "buy",
      "size": "31.49",
      "symbol": "HYPE-USDT",
      "takerOrderId": "675464c2e77500000707d2de",
      "time": "1733584066058000000",
      "tradeId": "6089491613366276",
      "type": "match",
      "time_received": "15:07:46.1247"
    },
    {
      "makerOrderId": "6754636d1e1c9e0007394283",
      "price": "14.874",
      "sequence": "6089495698749441",
      "side": "buy",
      "size": "33.53",
      "symbol": "HYPE-USDT",
      "takerOrderId": "675464cd1ed0d80007e541bf",
      "time": "1733584077108000000",
      "tradeId": "6089495698749441",
      "type": "match",
      "time_received": "15:07:57.1560"
    },
    {
      "makerOrderId": "675464cdfd061e00078f9997",
      "price": "14.873",
      "sequence": "6089496000739329",
      "side": "buy",
      "size": "33.53",
      "symbol": "HYPE-USDT",
      "takerOrderId": "675464cdecb8b200079d681e",
      "time": "1733584077963000000",
      "tradeId": "6089496000739329",
      "type": "match",
      "time_received": "15:07:58.0131"
    },
    {
      "makerOrderId": "675464cdfd061e00078f9997",
      "price": "14.873",
      "sequence": "6089496126044161",
      "side": "buy",
      "size": "13.57",
      "symbol": "HYPE-USDT",
      "takerOrderId": "675464cefd061e00078fa0ce",
      "time": "1733584078313000000",
      "tradeId": "6089496126044161",
      "type": "match",
      "time_received": "15:07:58.3622"
    },
    {
      "makerOrderId": "6754636d1e1c9e0007394283",
      "price": "14.874",
      "sequence": "6089496126044164",
      "side": "buy",
      "size": "19.96",
      "symbol": "HYPE-USDT",
      "takerOrderId": "675464cefd061e00078fa0ce",
      "time": "1733584078313000000",
      "tradeId": "6089496126044164",
      "type": "match",
      "time_received": "15:07:58.3623"
    },
    {
      "makerOrderId": "6754636d1e1c9e0007394283",
      "price": "14.874",
      "sequence": "6089496148457473",
      "side": "buy",
      "size": "33.53",
      "symbol": "HYPE-USDT",
      "takerOrderId": "675464ce1ed0d80007e549a8",
      "time": "1733584078355000000",
      "tradeId": "6089496148457473",
      "type": "match",
      "time_received": "15:07:58.4033"
    },
    {
      "makerOrderId": "675464cca398ab0007869c91",
      "price": "14.87",
      "sequence": "6089498068924417",
      "side": "sell",
      "size": "0.99",
      "symbol": "HYPE-USDT",
      "takerOrderId": "675464d33ecf430007529406",
      "time": "1733584083141000000",
      "tradeId": "6089498068924417",
      "type": "match",
      "time_received": "15:08:03.1917"
    },
    {
      "makerOrderId": "675464ccfd80ce0007711784",
      "price": "14.859",
      "sequence": "6089498068924420",
      "side": "sell",
      "size": "1.91",
      "symbol": "HYPE-USDT",
      "takerOrderId": "675464d33ecf430007529406",
      "time": "1733584083141000000",
      "tradeId": "6089498068924420",
      "type": "match",
      "time_received": "15:08:03.1918"
    },
    {
      "makerOrderId": "675464dc41bdfd00078ec39b",
      "price": "14.84",
      "sequence": "6089512238462977",
      "side": "sell",
      "size": "0.06",
      "symbol": "HYPE-USDT",
      "takerOrderId": "675464f441bdfd00078f5e58",
      "time": "1733584116893000000",
      "tradeId": "6089512238462977",
      "type": "match",
      "time_received": "15:08:36.9425"
    },
    {
      "makerOrderId": "675464f4e7750000070903b7",
      "price": "14.822",
      "sequence": "6089512238462980",
      "side": "sell",
      "size": "1.37",
      "symbol": "HYPE-USDT",
      "takerOrderId": "675464f441bdfd00078f5e58",
      "time": "1733584116893000000",
      "tradeId": "6089512238462980",
      "type": "match",
      "time_received": "15:08:36.9426"
    },
    {
      "makerOrderId": "675464dcf517900007cb6681",
      "price": "14.85",
      "sequence": "6089523704772609",
      "side": "buy",
      "size": "100",
      "symbol": "HYPE-USDT",
      "takerOrderId": "67546511b1d2ab00077c4fa5",
      "time": "1733584145975000000",
      "tradeId": "6089523704772609",
      "type": "match",
      "time_received": "15:09:06.0245"
    },
    {
      "makerOrderId": "675464dcf517900007cb6681",
      "price": "14.85",
      "sequence": "6089523704772613",
      "side": "buy",
      "size": "17.16",
      "symbol": "HYPE-USDT",
      "takerOrderId": "67546511b1d2ab00077c4fa5",
      "time": "1733584145975000000",
      "tradeId": "6089523704772613",
      "type": "match",
      "time_received": "15:09:06.0246"
    },
    {
      "makerOrderId": "675464dcf517900007cb6681",
      "price": "14.85",
      "sequence": "6089529610483713",
      "side": "buy",
      "size": "0.06",
      "symbol": "HYPE-USDT",
      "takerOrderId": "675465201ed0d80007e73f38",
      "time": "1733584160143000000",
      "tradeId": "6089529610483713",
      "type": "match",
      "time_received": "15:09:20.1946"
    },
    {
      "makerOrderId": "675464dcf517900007cb6681",
      "price": "14.85",
      "sequence": "6089529665796097",
      "side": "buy",
      "size": "0.06",
      "symbol": "HYPE-USDT",
      "takerOrderId": "67546520a398ab000788a042",
      "time": "1733584160286000000",
      "tradeId": "6089529665796097",
      "type": "match",
      "time_received": "15:09:20.3379"
    },
    {
      "makerOrderId": "675464dcf517900007cb6681",
      "price": "14.85",
      "sequence": "6089529729759233",
      "side": "buy",
      "size": "0.06",
      "symbol": "HYPE-USDT",
      "takerOrderId": "67546520ecb8b200079f63f2",
      "time": "1733584160474000000",
      "tradeId": "6089529729759233",
      "type": "match",
      "time_received": "15:09:20.5235"
    },
    {
      "makerOrderId": "675464dcf517900007cb6681",
      "price": "14.85",
      "sequence": "6089529775503361",
      "side": "buy",
      "size": "0.06",
      "symbol": "HYPE-USDT",
      "takerOrderId": "67546520fe36bf0007162c85",
      "time": "1733584160600000000",
      "tradeId": "6089529775503361",
      "type": "match",
      "time_received": "15:09:20.6518"
    },
    {
      "makerOrderId": "675464dcf517900007cb6681",
      "price": "14.85",
      "sequence": "6089529823868929",
      "side": "buy",
      "size": "0.06",
      "symbol": "HYPE-USDT",
      "takerOrderId": "6754652041bdfd0007906c92",
      "time": "1733584160760000000",
      "tradeId": "6089529823868929",
      "type": "match",
      "time_received": "15:09:20.8102"
    },
    {
      "makerOrderId": "675464dcf517900007cb6681",
      "price": "14.85",
      "sequence": "6089529889142785",
      "side": "buy",
      "size": "0.06",
      "symbol": "HYPE-USDT",
      "takerOrderId": "675465209574f30007000856",
      "time": "1733584160911000000",
      "tradeId": "6089529889142785",
      "type": "match",
      "time_received": "15:09:20.9570"
    },
    {
      "makerOrderId": "675464dcf517900007cb6681",
      "price": "14.85",
      "sequence": "6089529944586241",
      "side": "buy",
      "size": "0.06",
      "symbol": "HYPE-USDT",
      "takerOrderId": "675465217cf7ff000793dd4e",
      "time": "1733584161074000000",
      "tradeId": "6089529944586241",
      "type": "match",
      "time_received": "15:09:21.1219"
    },
    {
      "makerOrderId": "675464dcf517900007cb6681",
      "price": "14.85",
      "sequence": "6089530009335809",
      "side": "buy",
      "size": "0.06",
      "symbol": "HYPE-USDT",
      "takerOrderId": "675465212e6b3a000731209d",
      "time": "1733584161239000000",
      "tradeId": "6089530009335809",
      "type": "match",
      "time_received": "15:09:21.2881"
    },
    {
      "makerOrderId": "675464dcf517900007cb6681",
      "price": "14.85",
      "sequence": "6089530071201793",
      "side": "buy",
      "size": "0.06",
      "symbol": "HYPE-USDT",
      "takerOrderId": "675465211e1c9e0007440577",
      "time": "1733584161409000000",
      "tradeId": "6089530071201793",
      "type": "match",
      "time_received": "15:09:21.4698"
    },
    {
      "makerOrderId": "675464dcf517900007cb6681",
      "price": "14.85",
      "sequence": "6089530125203457",
      "side": "buy",
      "size": "0.06",
      "symbol": "HYPE-USDT",
      "takerOrderId": "6754652141bdfd00079070bf",
      "time": "1733584161557000000",
      "tradeId": "6089530125203457",
      "type": "match",
      "time_received": "15:09:21.6045"
    },
    {
      "makerOrderId": "675464dcf517900007cb6681",
      "price": "14.85",
      "sequence": "6089530293106689",
      "side": "buy",
      "size": "0.06",
      "symbol": "HYPE-USDT",
      "takerOrderId": "67546521fe36bf000716331d",
      "time": "1733584161888000000",
      "tradeId": "6089530293106689",
      "type": "match",
      "time_received": "15:09:21.9365"
    },
    {
      "makerOrderId": "675464dcf517900007cb6681",
      "price": "14.85",
      "sequence": "6089530372929537",
      "side": "buy",
      "size": "0.06",
      "symbol": "HYPE-USDT",
      "takerOrderId": "67546522b1d2ab00077cb319",
      "time": "1733584162064000000",
      "tradeId": "6089530372929537",
      "type": "match",
      "time_received": "15:09:22.1136"
    },
    {
      "makerOrderId": "675464dcf517900007cb6681",
      "price": "14.85",
      "sequence": "6089530448427009",
      "side": "buy",
      "size": "0.06",
      "symbol": "HYPE-USDT",
      "takerOrderId": "67546522a398ab000788aa2e",
      "time": "1733584162234000000",
      "tradeId": "6089530448427009",
      "type": "match",
      "time_received": "15:09:22.2860"
    },
    {
      "makerOrderId": "675464dcf517900007cb6681",
      "price": "14.85",
      "sequence": "6089530533361665",
      "side": "buy",
      "size": "0.06",
      "symbol": "HYPE-USDT",
      "takerOrderId": "67546522a398ab000788ab3f",
      "time": "1733584162444000000",
      "tradeId": "6089530533361665",
      "type": "match",
      "time_received": "15:09:22.4933"
    },
    {
      "makerOrderId": "675464dcf517900007cb6681",
      "price": "14.85",
      "sequence": "6089530602698753",
      "side": "buy",
      "size": "0.06",
      "symbol": "HYPE-USDT",
      "takerOrderId": "675465223ecf430007547869",
      "time": "1733584162616000000",
      "tradeId": "6089530602698753",
      "type": "match",
      "time_received": "15:09:22.6664"
    },
    {
      "makerOrderId": "675464dcf517900007cb6681",
      "price": "14.85",
      "sequence": "6089530664171521",
      "side": "buy",
      "size": "0.06",
      "symbol": "HYPE-USDT",
      "takerOrderId": "67546522b1d2ab00077cb696",
      "time": "1733584162789000000",
      "tradeId": "6089530664171521",
      "type": "match",
      "time_received": "15:09:22.8395"
    },
    {
      "makerOrderId": "675464dcf517900007cb6681",
      "price": "14.85",
      "sequence": "6089530731673601",
      "side": "buy",
      "size": "0.06",
      "symbol": "HYPE-USDT",
      "takerOrderId": "675465222e6b3a0007312903",
      "time": "1733584162907000000",
      "tradeId": "6089530731673601",
      "type": "match",
      "time_received": "15:09:22.9779"
    },
    {
      "makerOrderId": "675464dcf517900007cb6681",
      "price": "14.85",
      "sequence": "6089530769946625",
      "side": "buy",
      "size": "0.06",
      "symbol": "HYPE-USDT",
      "takerOrderId": "67546522fd061e000791a7a5",
      "time": "1733584162959000000",
      "tradeId": "6089530769946625",
      "type": "match",
      "time_received": "15:09:23.0071"
    },
    {
      "makerOrderId": "675464dcf517900007cb6681",
      "price": "14.85",
      "sequence": "6089530930378753",
      "side": "buy",
      "size": "0.06",
      "symbol": "HYPE-USDT",
      "takerOrderId": "67546523ecb8b200079f73f1",
      "time": "1733584163320000000",
      "tradeId": "6089530930378753",
      "type": "match",
      "time_received": "15:09:23.3667"
    },
    {
      "makerOrderId": "675464dcf517900007cb6681",
      "price": "14.85",
      "sequence": "6089531002861569",
      "side": "buy",
      "size": "0.06",
      "symbol": "HYPE-USDT",
      "takerOrderId": "675465237cf7ff000793eb59",
      "time": "1733584163478000000",
      "tradeId": "6089531002861569",
      "type": "match",
      "time_received": "15:09:23.5255"
    },
    {
      "makerOrderId": "675464dcf517900007cb6681",
      "price": "14.85",
      "sequence": "6089531251243009",
      "side": "buy",
      "size": "0.06",
      "symbol": "HYPE-USDT",
      "takerOrderId": "675465241e1c9e0007441598",
      "time": "1733584164053000000",
      "tradeId": "6089531251243009",
      "type": "match",
      "time_received": "15:09:24.0995"
    },
    {
      "makerOrderId": "675464dcf517900007cb6681",
      "price": "14.85",
      "sequence": "6089533081663489",
      "side": "buy",
      "size": "5.41",
      "symbol": "HYPE-USDT",
      "takerOrderId": "675465288338b900073608a1",
      "time": "1733584168677000000",
      "tradeId": "6089533081663489",
      "type": "match",
      "time_received": "15:09:28.7291"
    },
    {
      "makerOrderId": "675464dcf517900007cb6681",
      "price": "14.85",
      "sequence": "6089533427300353",
      "side": "buy",
      "size": "6.73",
      "symbol": "HYPE-USDT",
      "takerOrderId": "67546529f517900007cd401b",
      "time": "1733584169540000000",
      "tradeId": "6089533427300353",
      "type": "match",
      "time_received": "15:09:29.5842"
    },
    {
      "makerOrderId": "675464dcf517900007cb6681",
      "price": "14.85",
      "sequence": "6089533642782721",
      "side": "buy",
      "size": "5.1",
      "symbol": "HYPE-USDT",
      "takerOrderId": "6754652afd80ce0007735660",
      "time": "1733584170084000000",
      "tradeId": "6089533642782721",
      "type": "match",
      "time_received": "15:09:30.1345"
    },
    {
      "makerOrderId": "675464dcf517900007cb6681",
      "price": "14.85",
      "sequence": "6089534593972225",
      "side": "buy",
      "size": "0.06",
      "symbol": "HYPE-USDT",
      "takerOrderId": "6754652ce7750000070a5a03",
      "time": "1733584172522000000",
      "tradeId": "6089534593972225",
      "type": "match",
      "time_received": "15:09:32.5729"
    },
    {
      "makerOrderId": "675464dcf517900007cb6681",
      "price": "14.85",
      "sequence": "6089534643124225",
      "side": "buy",
      "size": "0.06",
      "symbol": "HYPE-USDT",
      "takerOrderId": "6754652c716ab30007e2f039",
      "time": "1733584172681000000",
      "tradeId": "6089534643124225",
      "type": "match",
      "time_received": "15:09:32.7304"
    },
    {
      "makerOrderId": "675464dcf517900007cb6681",
      "price": "14.85",
      "sequence": "6089534696732673",
      "side": "buy",
      "size": "0.06",
      "symbol": "HYPE-USDT",
      "takerOrderId": "6754652c3ecf43000754b6f4",
      "time": "1733584172863000000",
      "tradeId": "6089534696732673",
      "type": "match",
      "time_received": "15:09:32.9151"
    },
    {
      "makerOrderId": "675464dcf517900007cb6681",
      "price": "14.85",
      "sequence": "6089534794512385",
      "side": "buy",
      "size": "0.06",
      "symbol": "HYPE-USDT",
      "takerOrderId": "6754652d3bb37e000767ef6f",
      "time": "1733584173052000000",
      "tradeId": "6089534794512385",
      "type": "match",
      "time_received": "15:09:33.0967"
    },
    {
      "makerOrderId": "675464dcf517900007cb6681",
      "price": "14.85",
      "sequence": "6089534921652225",
      "side": "buy",
      "size": "0.06",
      "symbol": "HYPE-USDT",
      "takerOrderId": "6754652d1ed0d80007e78e43",
      "time": "1733584173392000000",
      "tradeId": "6089534921652225",
      "type": "match",
      "time_received": "15:09:33.4393"
    },
    {
      "makerOrderId": "675464dcf517900007cb6681",
      "price": "14.85",
      "sequence": "6089535050233857",
      "side": "buy",
      "size": "0.06",
      "symbol": "HYPE-USDT",
      "takerOrderId": "6754652dfe36bf0007167be9",
      "time": "1733584173729000000",
      "tradeId": "6089535050233857",
      "type": "match",
      "time_received": "15:09:33.7773"
    },
    {
      "makerOrderId": "675464dcf517900007cb6681",
      "price": "14.85",
      "sequence": "6089535199131649",
      "side": "buy",
      "size": "0.06",
      "symbol": "HYPE-USDT",
      "takerOrderId": "6754652efd80ce0007736de0",
      "time": "1733584174110000000",
      "tradeId": "6089535199131649",
      "type": "match",
      "time_received": "15:09:34.1652"
    },
    {
      "makerOrderId": "675464dcf517900007cb6681",
      "price": "14.85",
      "sequence": "6089535288784897",
      "side": "buy",
      "size": "0.06",
      "symbol": "HYPE-USDT",
      "takerOrderId": "6754652e9574f30007005862",
      "time": "1733584174325000000",
      "tradeId": "6089535288784897",
      "type": "match",
      "time_received": "15:09:34.3754"
    },
    {
      "makerOrderId": "675464dcf517900007cb6681",
      "price": "14.85",
      "sequence": "6089535320111105",
      "side": "buy",
      "size": "63.86",
      "symbol": "HYPE-USDT",
      "takerOrderId": "6754652ee7750000070a6602",
      "time": "1733584174402000000",
      "tradeId": "6089535320111105",
      "type": "match",
      "time_received": "15:09:34.4503"
    },
    {
      "makerOrderId": "675464dcf517900007cb6681",
      "price": "14.85",
      "sequence": "6089535320111109",
      "side": "buy",
      "size": "100",
      "symbol": "HYPE-USDT",
      "takerOrderId": "6754652ee7750000070a6602",
      "time": "1733584174402000000",
      "tradeId": "6089535320111109",
      "type": "match",
      "time_received": "15:09:34.4504"
    },
    {
      "makerOrderId": "675464dcf517900007cb6681",
      "price": "14.85",
      "sequence": "6089535320111113",
      "side": "buy",
      "size": "100",
      "symbol": "HYPE-USDT",
      "takerOrderId": "6754652ee7750000070a6602",
      "time": "1733584174402000000",
      "tradeId": "6089535320111113",
      "type": "match",
      "time_received": "15:09:34.4504"
    },
    {
      "makerOrderId": "675464dcf517900007cb6681",
      "price": "14.85",
      "sequence": "6089535320111117",
      "side": "buy",
      "size": "100",
      "symbol": "HYPE-USDT",
      "takerOrderId": "6754652ee7750000070a6602",
      "time": "1733584174402000000",
      "tradeId": "6089535320111117",
      "type": "match",
      "time_received": "15:09:34.4504"
    },
    {
      "makerOrderId": "675464dcf517900007cb6681",
      "price": "14.85",
      "sequence": "6089535320111121",
      "side": "buy",
      "size": "100",
      "symbol": "HYPE-USDT",
      "takerOrderId": "6754652ee7750000070a6602",
      "time": "1733584174402000000",
      "tradeId": "6089535320111121",
      "type": "match",
      "time_received": "15:09:34.4505"
    },
    {
      "makerOrderId": "675464dcf517900007cb6681",
      "price": "14.85",
      "sequence": "6089535320111125",
      "side": "buy",
      "size": "100",
      "symbol": "HYPE-USDT",
      "takerOrderId": "6754652ee7750000070a6602",
      "time": "1733584174402000000",
      "tradeId": "6089535320111125",
      "type": "match",
      "time_received": "15:09:34.4505"
    },
    {
      "makerOrderId": "675464dcf517900007cb6681",
      "price": "14.85",
      "sequence": "6089535320111129",
      "side": "buy",
      "size": "100",
      "symbol": "HYPE-USDT",
      "takerOrderId": "6754652ee7750000070a6602",
      "time": "1733584174402000000",
      "tradeId": "6089535320111129",
      "type": "match",
      "time_received": "15:09:34.4505"
    },
    {
      "makerOrderId": "675464dcf517900007cb6681",
      "price": "14.85",
      "sequence": "6089535320111133",
      "side": "buy",
      "size": "100",
      "symbol": "HYPE-USDT",
      "takerOrderId": "6754652ee7750000070a6602",
      "time": "1733584174402000000",
      "tradeId": "6089535320111133",
      "type": "match",
      "time_received": "15:09:34.4506"
    },
    {
      "makerOrderId": "675464dcf517900007cb6681",
      "price": "14.85",
      "sequence": "6089535320111137",
      "side": "buy",
      "size": "100",
      "symbol": "HYPE-USDT",
      "takerOrderId": "6754652ee7750000070a6602",
      "time": "1733584174402000000",
      "tradeId": "6089535320111137",
      "type": "match",
      "time_received": "15:09:34.4506"
    },
    {
      "makerOrderId": "675464dcf517900007cb6681",
      "price": "14.85",
      "sequence": "6089535320111141",
      "side": "buy",
      "size": "36.14",
      "symbol": "HYPE-USDT",
      "takerOrderId": "6754652ee7750000070a6602",
      "time": "1733584174402000000",
      "tradeId": "6089535320111141",
      "type": "match",
      "time_received": "15:09:34.4506"
    },
    {
      "makerOrderId": "675464dcf517900007cb6681",
      "price": "14.85",
      "sequence": "6089535370049537",
      "side": "buy",
      "size": "0.06",
      "symbol": "HYPE-USDT",
      "takerOrderId": "6754652efe36bf0007168180",
      "time": "1733584174557000000",
      "tradeId": "6089535370049537",
      "type": "match",
      "time_received": "15:09:34.6025"
    },
    {
      "makerOrderId": "675464dcf517900007cb6681",
      "price": "14.85",
      "sequence": "6089535418939393",
      "side": "buy",
      "size": "0.06",
      "symbol": "HYPE-USDT",
      "takerOrderId": "6754652ef517900007cd5f91",
      "time": "1733584174704000000",
      "tradeId": "6089535418939393",
      "type": "match",
      "time_received": "15:09:34.7521"
    },
    {
      "makerOrderId": "675464dcf517900007cb6681",
      "price": "14.85",
      "sequence": "6089535602440193",
      "side": "buy",
      "size": "1.02",
      "symbol": "HYPE-USDT",
      "takerOrderId": "6754652ff517900007cd621b",
      "time": "1733584175201000000",
      "tradeId": "6089535602440193",
      "type": "match",
      "time_received": "15:09:35.2528"
    },
    {
      "makerOrderId": "6754652f41bdfd000790c82b",
      "price": "14.844",
      "sequence": "6089537752807425",
      "side": "buy",
      "size": "0.06",
      "symbol": "HYPE-USDT",
      "takerOrderId": "67546534fe36bf000716a6d8",
      "time": "1733584180811000000",
      "tradeId": "6089537752807425",
      "type": "match",
      "time_received": "15:09:40.8601"
    },
    {
      "makerOrderId": "6754652f41bdfd000790c82b",
      "price": "14.844",
      "sequence": "6089537847310337",
      "side": "buy",
      "size": "0.06",
      "symbol": "HYPE-USDT",
      "takerOrderId": "675465348338b900073653ee",
      "time": "1733584181000000000",
      "tradeId": "6089537847310337",
      "type": "match",
      "time_received": "15:09:41.0483"
    },
    {
      "makerOrderId": "6754652f41bdfd000790c82b",
      "price": "14.844",
      "sequence": "6089537923856385",
      "side": "buy",
      "size": "0.06",
      "symbol": "HYPE-USDT",
      "takerOrderId": "67546535fe36bf000716a8ff",
      "time": "1733584181224000000",
      "tradeId": "6089537923856385",
      "type": "match",
      "time_received": "15:09:41.2731"
    },
    {
      "makerOrderId": "6754652f41bdfd000790c82b",
      "price": "14.844",
      "sequence": "6089537972353025",
      "side": "buy",
      "size": "0.06",
      "symbol": "HYPE-USDT",
      "takerOrderId": "6754653541bdfd000790e9b4",
      "time": "1733584181374000000",
      "tradeId": "6089537972353025",
      "type": "match",
      "time_received": "15:09:41.4208"
    },
    {
      "makerOrderId": "6754652f41bdfd000790c82b",
      "price": "14.844",
      "sequence": "6089538030548993",
      "side": "buy",
      "size": "0.06",
      "symbol": "HYPE-USDT",
      "takerOrderId": "675465351e1c9e0007447eb7",
      "time": "1733584181551000000",
      "tradeId": "6089538030548993",
      "type": "match",
      "time_received": "15:09:41.5990"
    },
    {
      "makerOrderId": "6754652f41bdfd000790c82b",
      "price": "14.844",
      "sequence": "6089538079176705",
      "side": "buy",
      "size": "0.06",
      "symbol": "HYPE-USDT",
      "takerOrderId": "675465352e6b3a0007319cec",
      "time": "1733584181679000000",
      "tradeId": "6089538079176705",
      "type": "match",
      "time_received": "15:09:41.7307"
    },
    {
      "makerOrderId": "6754652f41bdfd000790c82b",
      "price": "14.844",
      "sequence": "6089538214967297",
      "side": "buy",
      "size": "0.06",
      "symbol": "HYPE-USDT",
      "takerOrderId": "67546536b1d2ab00077d2b1e",
      "time": "1733584182039000000",
      "tradeId": "6089538214967297",
      "type": "match",
      "time_received": "15:09:42.0900"
    },
    {
      "makerOrderId": "6754652f41bdfd000790c82b",
      "price": "14.844",
      "sequence": "6089538221520897",
      "side": "buy",
      "size": "0.06",
      "symbol": "HYPE-USDT",
      "takerOrderId": "67546536ff2a9e00070481ae",
      "time": "1733584182064000000",
      "tradeId": "6089538221520897",
      "type": "match",
      "time_received": "15:09:42.1141"
    },
    {
      "makerOrderId": "6754652f41bdfd000790c82b",
      "price": "14.844",
      "sequence": "6089538270410753",
      "side": "buy",
      "size": "0.06",
      "symbol": "HYPE-USDT",
      "takerOrderId": "67546536a398ab0007892356",
      "time": "1733584182219000000",
      "tradeId": "6089538270410753",
      "type": "match",
      "time_received": "15:09:42.2694"
    },
    {
      "makerOrderId": "6754652f41bdfd000790c82b",
      "price": "14.844",
      "sequence": "6089538357966849",
      "side": "buy",
      "size": "0.06",
      "symbol": "HYPE-USDT",
      "takerOrderId": "675465362e6b3a000731a0c1",
      "time": "1733584182465000000",
      "tradeId": "6089538357966849",
      "type": "match",
      "time_received": "15:09:42.5128"
    },
    {
      "makerOrderId": "6754652f41bdfd000790c82b",
      "price": "14.844",
      "sequence": "6089538414327809",
      "side": "buy",
      "size": "0.06",
      "symbol": "HYPE-USDT",
      "takerOrderId": "67546536a398ab0007892584",
      "time": "1733584182637000000",
      "tradeId": "6089538414327809",
      "type": "match",
      "time_received": "15:09:42.6848"
    },
    {
      "makerOrderId": "6754652f41bdfd000790c82b",
      "price": "14.844",
      "sequence": "6089538502277121",
      "side": "buy",
      "size": "0.06",
      "symbol": "HYPE-USDT",
      "takerOrderId": "67546536aef36e00079b0596",
      "time": "1733584182828000000",
      "tradeId": "6089538502277121",
      "type": "match",
      "time_received": "15:09:42.8764"
    },
    {
      "makerOrderId": "6754652f41bdfd000790c82b",
      "price": "14.844",
      "sequence": "6089538598615041",
      "side": "buy",
      "size": "0.06",
      "symbol": "HYPE-USDT",
      "takerOrderId": "675465371ed0d80007e7c798",
      "time": "1733584183014000000",
      "tradeId": "6089538598615041",
      "type": "match",
      "time_received": "15:09:43.0632"
    },
    {
      "makerOrderId": "6754652f41bdfd000790c82b",
      "price": "14.844",
      "sequence": "6089538661922817",
      "side": "buy",
      "size": "0.06",
      "symbol": "HYPE-USDT",
      "takerOrderId": "67546537aef36e00079b0801",
      "time": "1733584183197000000",
      "tradeId": "6089538661922817",
      "type": "match",
      "time_received": "15:09:43.2478"
    },
    {
      "makerOrderId": "675464f82e6b3a00073025f0",
      "price": "14.828",
      "sequence": "6089541211011073",
      "side": "sell",
      "size": "0.06",
      "symbol": "HYPE-USDT",
      "takerOrderId": "6754653dff2a9e000704afb8",
      "time": "1733584189475000000",
      "tradeId": "6089541211011073",
      "type": "match",
      "time_received": "15:09:49.5278"
    },
    {
      "makerOrderId": "6754653c1ed0d80007e7e86a",
      "price": "14.825",
      "sequence": "6089541211011076",
      "side": "sell",
      "size": "0.59",
      "symbol": "HYPE-USDT",
      "takerOrderId": "6754653dff2a9e000704afb8",
      "time": "1733584189475000000",
      "tradeId": "6089541211011076",
      "type": "match",
      "time_received": "15:09:49.5279"
    },
    {
      "makerOrderId": "6754652f41bdfd000790c82b",
      "price": "14.844",
      "sequence": "6089543665858561",
      "side": "buy",
      "size": "17.85",
      "symbol": "HYPE-USDT",
      "takerOrderId": "67546543f517900007cde154",
      "time": "1733584195773000000",
      "tradeId": "6089543665858561",
      "type": "match",
      "time_received": "15:09:55.8213"
    },
    {
      "makerOrderId": "675464dcf517900007cb6681",
      "price": "14.85",
      "sequence": "6089543665858564",
      "side": "buy",
      "size": "8.61",
      "symbol": "HYPE-USDT",
      "takerOrderId": "67546543f517900007cde154",
      "time": "1733584195773000000",
      "tradeId": "6089543665858564",
      "type": "match",
      "time_received": "15:09:55.8215"
    },
    {
      "makerOrderId": "675464dcf517900007cb6681",
      "price": "14.85",
      "sequence": "6089544086730753",
      "side": "buy",
      "size": "13.46",
      "symbol": "HYPE-USDT",
      "takerOrderId": "67546544fd80ce000773f841",
      "time": "1733584196795000000",
      "tradeId": "6089544086730753",
      "type": "match",
      "time_received": "15:09:56.8435"
    },
    {
      "makerOrderId": "675464dcf517900007cb6681",
      "price": "14.85",
      "sequence": "6089544145057793",
      "side": "buy",
      "size": "13.46",
      "symbol": "HYPE-USDT",
      "takerOrderId": "67546544f517900007cde802",
      "time": "1733584196894000000",
      "tradeId": "6089544145057793",
      "type": "match",
      "time_received": "15:09:56.9442"
    },
    {
      "makerOrderId": "675464dcf517900007cb6681",
      "price": "14.85",
      "sequence": "6089544185821185",
      "side": "buy",
      "size": "13.46",
      "symbol": "HYPE-USDT",
      "takerOrderId": "675465449574f3000700e365",
      "time": "1733584196991000000",
      "tradeId": "6089544185821185",
      "type": "match",
      "time_received": "15:09:57.0423"
    },
    {
      "makerOrderId": "675464dcf517900007cb6681",
      "price": "14.85",
      "sequence": "6089544332621825",
      "side": "buy",
      "size": "13.73",
      "symbol": "HYPE-USDT",
      "takerOrderId": "675465452e6b3a000731ff84",
      "time": "1733584197462000000",
      "tradeId": "6089544332621825",
      "type": "match",
      "time_received": "15:09:57.5141"
    },
    {
      "makerOrderId": "675464dcf517900007cb6681",
      "price": "14.85",
      "sequence": "6089544332621829",
      "side": "buy",
      "size": "53.61",
      "symbol": "HYPE-USDT",
      "takerOrderId": "675465452e6b3a000731ff84",
      "time": "1733584197462000000",
      "tradeId": "6089544332621829",
      "type": "match",
      "time_received": "15:09:57.5142"
    },
    {
      "makerOrderId": "675464dcf517900007cb6681",
      "price": "14.85",
      "sequence": "6089544345597953",
      "side": "buy",
      "size": "8.73",
      "symbol": "HYPE-USDT",
      "takerOrderId": "67546545f517900007cdeb81",
      "time": "1733584197512000000",
      "tradeId": "6089544345597953",
      "type": "match",
      "time_received": "15:09:57.5643"
    },
    {
      "makerOrderId": "675465481e1c9e000744efe6",
      "price": "14.897",
      "sequence": "6089545281058817",
      "side": "buy",
      "size": "0.06",
      "symbol": "HYPE-USDT",
      "takerOrderId": "67546548716ab30007e3996d",
      "time": "1733584200262000000",
      "tradeId": "6089545281058817",
      "type": "match",
      "time_received": "15:10:00.3058"
    },
    {
      "makerOrderId": "6754634e716ab30007d7284b",
      "price": "14.898",
      "sequence": "6089545342007297",
      "side": "buy",
      "size": "0.06",
      "symbol": "HYPE-USDT",
      "takerOrderId": "675465481e1c9e000744f2cd",
      "time": "1733584200451000000",
      "tradeId": "6089545342007297",
      "type": "match",
      "time_received": "15:10:00.4997"
    },
    {
      "makerOrderId": "6754634e716ab30007d7284b",
      "price": "14.898",
      "sequence": "6089545440180225",
      "side": "buy",
      "size": "0.06",
      "symbol": "HYPE-USDT",
      "takerOrderId": "67546548f517900007cdfed6",
      "time": "1733584200639000000",
      "tradeId": "6089545440180225",
      "type": "match",
      "time_received": "15:10:00.6844"
    },
    {
      "makerOrderId": "6754634e716ab30007d7284b",
      "price": "14.898",
      "sequence": "6089545529178113",
      "side": "buy",
      "size": "0.06",
      "symbol": "HYPE-USDT",
      "takerOrderId": "67546548f517900007ce00cb",
      "time": "1733584200802000000",
      "tradeId": "6089545529178113",
      "type": "match",
      "time_received": "15:10:00.8528"
    },
    {
      "makerOrderId": "6754634e716ab30007d7284b",
      "price": "14.898",
      "sequence": "6089545634822145",
      "side": "buy",
      "size": "0.06",
      "symbol": "HYPE-USDT",
      "takerOrderId": "67546549b1d2ab00077da47d",
      "time": "1733584201011000000",
      "tradeId": "6089545634822145",
      "type": "match",
      "time_received": "15:10:01.0634"
    },
    {
      "makerOrderId": "6754634e716ab30007d7284b",
      "price": "14.898",
      "sequence": "6089545678600193",
      "side": "buy",
      "size": "0.06",
      "symbol": "HYPE-USDT",
      "takerOrderId": "675465491e1c9e000744f967",
      "time": "1733584201115000000",
      "tradeId": "6089545678600193",
      "type": "match",
      "time_received": "15:10:01.1595"
    },
    {
      "makerOrderId": "6754634e716ab30007d7284b",
      "price": "14.898",
      "sequence": "6089545759078401",
      "side": "buy",
      "size": "0.06",
      "symbol": "HYPE-USDT",
      "takerOrderId": "675465497cf7ff000794d450",
      "time": "1733584201341000000",
      "tradeId": "6089545759078401",
      "type": "match",
      "time_received": "15:10:01.3898"
    },
    {
      "makerOrderId": "6754634e716ab30007d7284b",
      "price": "14.898",
      "sequence": "6089545811507201",
      "side": "buy",
      "size": "0.06",
      "symbol": "HYPE-USDT",
      "takerOrderId": "67546549fe36bf00071727a1",
      "time": "1733584201463000000",
      "tradeId": "6089545811507201",
      "type": "match",
      "time_received": "15:10:01.5096"
    },
    {
      "makerOrderId": "6754634e716ab30007d7284b",
      "price": "14.898",
      "sequence": "6089545872062465",
      "side": "buy",
      "size": "0.06",
      "symbol": "HYPE-USDT",
      "takerOrderId": "67546549fd061e000792969f",
      "time": "1733584201644000000",
      "tradeId": "6089545872062465",
      "type": "match",
      "time_received": "15:10:01.6970"
    },
    {
      "makerOrderId": "6754634e716ab30007d7284b",
      "price": "14.898",
      "sequence": "6089545906010113",
      "side": "buy",
      "size": "7.14",
      "symbol": "HYPE-USDT",
      "takerOrderId": "67546549e7750000070b0e35",
      "time": "1733584201751000000",
      "tradeId": "6089545906010113",
      "type": "match",
      "time_received": "15:10:01.8867"
    },
    {
      "makerOrderId": "6754634e716ab30007d7284b",
      "price": "14.898",
      "sequence": "6089545920034817",
      "side": "buy",
      "size": "0.06",
      "symbol": "HYPE-USDT",
      "takerOrderId": "6754654941bdfd00079168d7",
      "time": "1733584201801000000",
      "tradeId": "6089545920034817",
      "type": "match",
      "time_received": "15:10:01.8868"
    },
    {
      "makerOrderId": "6754634e716ab30007d7284b",
      "price": "14.898",
      "sequence": "6089545996843009",
      "side": "buy",
      "size": "0.06",
      "symbol": "HYPE-USDT",
      "takerOrderId": "67546549fe36bf0007172a7e",
      "time": "1733584201981000000",
      "tradeId": "6089545996843009",
      "type": "match",
      "time_received": "15:10:02.0278"
    },
    {
      "makerOrderId": "6754634e716ab30007d7284b",
      "price": "14.898",
      "sequence": "6089549743405057",
      "side": "buy",
      "size": "13.63",
      "symbol": "HYPE-USDT",
      "takerOrderId": "675465523bb37e000768dc0f",
      "time": "1733584210881000000",
      "tradeId": "6089549743405057",
      "type": "match",
      "time_received": "15:10:10.9285"
    },
    {
      "makerOrderId": "6754634e716ab30007d7284b",
      "price": "14.898",
      "sequence": "6089555920435201",
      "side": "buy",
      "size": "0.13",
      "symbol": "HYPE-USDT",
      "takerOrderId": "67546560b1d2ab00077e3f5f",
      "time": "1733584224746000000",
      "tradeId": "6089555920435201",
      "type": "match",
      "time_received": "15:10:24.7947"
    },
    {
      "makerOrderId": "6754634e716ab30007d7284b",
      "price": "14.898",
      "sequence": "6089556019394561",
      "side": "buy",
      "size": "0.13",
      "symbol": "HYPE-USDT",
      "takerOrderId": "67546560fe36bf000717c0bc",
      "time": "1733584224946000000",
      "tradeId": "6089556019394561",
      "type": "match",
      "time_received": "15:10:24.9990"
    },
    {
      "makerOrderId": "6754634e716ab30007d7284b",
      "price": "14.898",
      "sequence": "6089556063696897",
      "side": "buy",
      "size": "0.13",
      "symbol": "HYPE-USDT",
      "takerOrderId": "675465611e1c9e0007459564",
      "time": "1733584225073000000",
      "tradeId": "6089556063696897",
      "type": "match",
      "time_received": "15:10:25.1258"
    },
    {
      "makerOrderId": "6754634e716ab30007d7284b",
      "price": "14.898",
      "sequence": "6089556187297793",
      "side": "buy",
      "size": "0.13",
      "symbol": "HYPE-USDT",
      "takerOrderId": "67546561a398ab00078a3810",
      "time": "1733584225432000000",
      "tradeId": "6089556187297793",
      "type": "match",
      "time_received": "15:10:25.4772"
    },
    {
      "makerOrderId": "6754634e716ab30007d7284b",
      "price": "14.898",
      "sequence": "6089556198963201",
      "side": "buy",
      "size": "0.13",
      "symbol": "HYPE-USDT",
      "takerOrderId": "675465618338b90007376e32",
      "time": "1733584225462000000",
      "tradeId": "6089556198963201",
      "type": "match",
      "time_received": "15:10:25.5132"
    },
    {
      "makerOrderId": "6754654fecb8b20007a08507",
      "price": "14.897",
      "sequence": "6089558539646977",
      "side": "sell",
      "size": "0.06",
      "symbol": "HYPE-USDT",
      "takerOrderId": "67546566e7750000070bd36e",
      "time": "1733584230832000000",
      "tradeId": "6089558539646977",
      "type": "match",
      "time_received": "15:10:30.8804"
    },
    {
      "makerOrderId": "6754654841bdfd0007915d1e",
      "price": "14.896",
      "sequence": "6089558539646980",
      "side": "sell",
      "size": "0.06",
      "symbol": "HYPE-USDT",
      "takerOrderId": "67546566e7750000070bd36e",
      "time": "1733584230832000000",
      "tradeId": "6089558539646980",
      "type": "match",
      "time_received": "15:10:30.8805"
    },
    {
      "makerOrderId": "67546547ff2a9e000704ee77",
      "price": "14.894",
      "sequence": "6089558539646983",
      "side": "sell",
      "size": "0.06",
      "symbol": "HYPE-USDT",
      "takerOrderId": "67546566e7750000070bd36e",
      "time": "1733584230832000000",
      "tradeId": "6089558539646983",
      "type": "match",
      "time_received": "15:10:30.8809"
    },
    {
      "makerOrderId": "67546547fe36bf0007171b56",
      "price": "14.894",
      "sequence": "6089558539646986",
      "side": "sell",
      "size": "0.06",
      "symbol": "HYPE-USDT",
      "takerOrderId": "67546566e7750000070bd36e",
      "time": "1733584230832000000",
      "tradeId": "6089558539646986",
      "type": "match",
      "time_received": "15:10:30.8810"
    },
    {
      "makerOrderId": "675465487cf7ff000794cc6a",
      "price": "14.894",
      "sequence": "6089558539646989",
      "side": "sell",
      "size": "0.06",
      "symbol": "HYPE-USDT",
      "takerOrderId": "67546566e7750000070bd36e",
      "time": "1733584230832000000",
