{
  "metadata": {
    "symbol": "XRP",
    "channel": "match",
    "start_time": "14:16:30.0000",
    "release_time": "14:17:00.0000",
    "end_time": "14:18:00.0000",
    "total_messages": 534,
    "final_snapshot": {
      "time": "14:18:00.5250",
      "symbol": "XRP-USDT",
      "price_high": "1.63298",
      "price_last": "1.56466",
      "price_low": "1.39826",
      "price_avg": "1.31968185",
      "volValue_USDT": "159695253.6245197974955"
    }
  },
  "data": [
    {
      "makerOrderId": "6741e3c968486d0007e179e5",
      "price": "1.56152",
      "sequence": "10783789101500417",
      "side": "buy",
      "size": "3.1214",
      "symbol": "XRP-USDT",
      "takerOrderId": "6741e3caf15b270007f87bdb",
      "time": "1732371402204000000",
      "tradeId": "10783789101500417",
      "type": "match",
      "time_received": "14:16:42.2543"
    },
    {
      "makerOrderId": "6741e3caf1bf400007ec17f0",
      "price": "1.56124",
      "sequence": "10783789265078273",
      "side": "sell",
      "size": "470.5577",
      "symbol": "XRP-USDT",
      "takerOrderId": "6741e3caf1bf400007ec17fc",
      "time": "1732371402516000000",
      "tradeId": "10783789265078273",
      "type": "match",
      "time_received": "14:16:42.5644"
    },
    {
      "makerOrderId": "6741e3ca68486d0007e17f7d",
      "price": "1.56124",
      "sequence": "10783789265078276",
      "side": "sell",
      "size": "183.4627",
      "symbol": "XRP-USDT",
      "takerOrderId": "6741e3caf1bf400007ec17fc",
      "time": "1732371402516000000",
      "tradeId": "10783789265078276",
      "type": "match",
      "time_received": "14:16:42.5645"
    },
    {
      "makerOrderId": "6741e3ca0d85530007773a58",
      "price": "1.56125",
      "sequence": "10783789268355073",
      "side": "sell",
      "size": "27.6773",
      "symbol": "XRP-USDT",
      "takerOrderId": "6741e3ca088f010007003818",
      "time": "1732371402521000000",
      "tradeId": "10783789268355073",
      "type": "match",
      "time_received": "14:16:42.5646"
    },
    {
      "makerOrderId": "6741e3ca0d85530007773a58",
      "price": "1.56125",
      "sequence": "10783789272287233",
      "side": "sell",
      "size": "1164.6483",
      "symbol": "XRP-USDT",
      "takerOrderId": "6741e3caf4a7c50007f24687",
      "time": "1732371402524000000",
      "tradeId": "10783789272287233",
      "type": "match",
      "time_received": "14:16:42.5701"
    },
    {
      "makerOrderId": "6741e3cd31d0950007831956",
      "price": "1.56147",
      "sequence": "10783790090962945",
      "side": "buy",
      "size": "40",
      "symbol": "XRP-USDT",
      "takerOrderId": "6741e3cddf6f6e0007cbc962",
      "time": "1732371405276000000",
      "tradeId": "10783790090962945",
      "type": "match",
      "time_received": "14:16:45.3257"
    },
    {
      "makerOrderId": "6741e3ced52cb8000755f167",
      "price": "1.56102",
      "sequence": "10783790282852353",
      "side": "sell",
      "size": "12.4001",
      "symbol": "XRP-USDT",
      "takerOrderId": "6741e3cecf286a00079713b8",
      "time": "1732371406257000000",
      "tradeId": "10783790282852353",
      "type": "match",
      "time_received": "14:16:46.3047"
    },
    {
      "makerOrderId": "6741e3cfc65bf700078b5911",
      "price": "1.56095",
      "sequence": "10783790849869825",
      "side": "buy",
      "size": "5.7589",
      "symbol": "XRP-USDT",
      "takerOrderId": "6741e3cf68486d0007e1a052",
      "time": "1732371407416000000",
      "tradeId": "10783790849869825",
      "type": "match",
      "time_received": "14:16:47.4714"
    },
    {
      "makerOrderId": "6741e3cff4f120000710eaca",
      "price": "1.56089",
      "sequence": "10783791138490369",
      "side": "buy",
      "size": "45.1583",
      "symbol": "XRP-USDT",
      "takerOrderId": "6741e3d068486d0007e1a56e",
      "time": "1732371408270000000",
      "tradeId": "10783791138490369",
      "type": "match",
      "time_received": "14:16:48.3201"
    },
    {
      "makerOrderId": "6741e3d0f4f120000710f0ca",
      "price": "1.56057",
      "sequence": "10783791421999105",
      "side": "sell",
      "size": "60.1083",
      "symbol": "XRP-USDT",
      "takerOrderId": "6741e3d1d52cb80007560753",
      "time": "1732371409048000000",
      "tradeId": "10783791421999105",
      "type": "match",
      "time_received": "14:16:49.0981"
    },
    {
      "makerOrderId": "6741e3d61586c10007f6b3bc",
      "price": "1.56075",
      "sequence": "10783793621256193",
      "side": "sell",
      "size": "13.7504",
      "symbol": "XRP-USDT",
      "takerOrderId": "6741e3d6b7e21a0007bc700e",
      "time": "1732371414931000000",
      "tradeId": "10783793621256193",
      "type": "match",
      "time_received": "14:16:54.9806"
    },
    {
      "makerOrderId": "6741e3d90d8553000777a261",
      "price": "1.56123",
      "sequence": "10783794414241793",
      "side": "buy",
      "size": "89.9927",
      "symbol": "XRP-USDT",
      "takerOrderId": "6741e3d967cdc90007a3fbbe",
      "time": "1732371417450000000",
      "tradeId": "10783794414241793",
      "type": "match",
      "time_received": "14:16:57.4956"
    },
    {
      "makerOrderId": "6741e3da0d8553000777a8e5",
      "price": "1.56118",
      "sequence": "10783794718197761",
      "side": "buy",
      "size": "12.3741",
      "symbol": "XRP-USDT",
      "takerOrderId": "6741e3da68486d0007e1ee01",
      "time": "1732371418392000000",
      "tradeId": "10783794718197761",
      "type": "match",
      "time_received": "14:16:58.4416"
    },
    {
      "makerOrderId": "6741e3dd6967d300075c273a",
      "price": "1.56195",
      "sequence": "10783795982649345",
      "side": "buy",
      "size": "3.1855",
      "symbol": "XRP-USDT",
      "takerOrderId": "6741e3dd0d8553000777c226",
      "time": "1732371421831000000",
      "tradeId": "10783795982649345",
      "type": "match",
      "time_received": "14:17:01.8855"
    },
    {
      "makerOrderId": "6741e3e3f15b270007f935b9",
      "price": "1.56117",
      "sequence": "10783798405777409",
      "side": "sell",
      "size": "19.2005",
      "symbol": "XRP-USDT",
      "takerOrderId": "6741e3e4df6f6e0007cc71e9",
      "time": "1732371428347000000",
      "tradeId": "10783798405777409",
      "type": "match",
      "time_received": "14:17:08.3965"
    },
    {
      "makerOrderId": "6741e3e537061e00079ce7bb",
      "price": "1.56212",
      "sequence": "10783798872655873",
      "side": "buy",
      "size": "6.4228",
      "symbol": "XRP-USDT",
      "takerOrderId": "6741e3e51586c10007f72105",
      "time": "1732371429903000000",
      "tradeId": "10783798872655873",
      "type": "match",
      "time_received": "14:17:09.9671"
    },
    {
      "makerOrderId": "6741e3e5f1bf400007ecdd46",
      "price": "1.56232",
      "sequence": "10783798938716161",
      "side": "sell",
      "size": "260.9704",
      "symbol": "XRP-USDT",
      "takerOrderId": "6741e3e631d095000783d0d8",
      "time": "1732371430006000000",
      "tradeId": "10783798938716161",
      "type": "match",
      "time_received": "14:17:10.0513"
    },
    {
      "makerOrderId": "6741e3e61586c10007f726c6",
      "price": "1.56249",
      "sequence": "10783799156951041",
      "side": "sell",
      "size": "6.4291",
      "symbol": "XRP-USDT",
      "takerOrderId": "6741e3e6088f01000701028d",
      "time": "1732371430860000000",
      "tradeId": "10783799156951041",
      "type": "match",
      "time_received": "14:17:10.9105"
    },
    {
      "makerOrderId": "6741e3e6b7e21a0007bce3e9",
      "price": "1.56207",
      "sequence": "10783799423813633",
      "side": "sell",
      "size": "157.0433",
      "symbol": "XRP-USDT",
      "takerOrderId": "6741e3e731d095000783db80",
      "time": "1732371431721000000",
      "tradeId": "10783799423813633",
      "type": "match",
      "time_received": "14:17:11.7697"
    },
    {
      "makerOrderId": "6741e3e74fe74600075360bf",
      "price": "1.56188",
      "sequence": "10783799600498689",
      "side": "buy",
      "size": "6.4072",
      "symbol": "XRP-USDT",
      "takerOrderId": "6741e3e8f4f1200007119a13",
      "time": "1732371432500000000",
      "tradeId": "10783799600498689",
      "type": "match",
      "time_received": "14:17:12.5495"
    },
    {
      "makerOrderId": "6741e3e84fe74600075363bf",
      "price": "1.56188",
      "sequence": "10783799600498692",
      "side": "buy",
      "size": "1275.5263",
      "symbol": "XRP-USDT",
      "takerOrderId": "6741e3e8f4f1200007119a13",
      "time": "1732371432500000000",
      "tradeId": "10783799600498692",
      "type": "match",
      "time_received": "14:17:12.5497"
    },
    {
      "makerOrderId": "6741e3e91586c10007f737b8",
      "price": "1.56224",
      "sequence": "10783800129112065",
      "side": "buy",
      "size": "0.1891",
      "symbol": "XRP-USDT",
      "takerOrderId": "6741e3e9ae93cc0007213bcf",
      "time": "1732371433685000000",
      "tradeId": "10783800129112065",
      "type": "match",
      "time_received": "14:17:13.7354"
    },
    {
      "makerOrderId": "6741e3e91586c10007f737b8",
      "price": "1.56224",
      "sequence": "10783800379459585",
      "side": "buy",
      "size": "6.2181",
      "symbol": "XRP-USDT",
      "takerOrderId": "6741e3eacf286a000797de67",
      "time": "1732371434428000000",
      "tradeId": "10783800379459585",
      "type": "match",
      "time_received": "14:17:14.4770"
    },
    {
      "makerOrderId": "6741e3e90d8553000778159f",
      "price": "1.56233",
      "sequence": "10783800379459588",
      "side": "buy",
      "size": "106.8118",
      "symbol": "XRP-USDT",
      "takerOrderId": "6741e3eacf286a000797de67",
      "time": "1732371434428000000",
      "tradeId": "10783800379459588",
      "type": "match",
      "time_received": "14:17:14.4772"
    },
    {
      "makerOrderId": "6741e3c5f4a7c50007f220e0",
      "price": "1.56264",
      "sequence": "10783800875436033",
      "side": "buy",
      "size": "24.942",
      "symbol": "XRP-USDT",
      "takerOrderId": "6741e3eb1586c10007f74611",
      "time": "1732371435214000000",
      "tradeId": "10783800875436033",
      "type": "match",
      "time_received": "14:17:15.2625"
    },
    {
      "makerOrderId": "6741e39ccf286a000795b31a",
      "price": "1.56272",
      "sequence": "10783800875436036",
      "side": "buy",
      "size": "8.6882",
      "symbol": "XRP-USDT",
      "takerOrderId": "6741e3eb1586c10007f74611",
      "time": "1732371435214000000",
      "tradeId": "10783800875436036",
      "type": "match",
      "time_received": "14:17:15.2625"
    },
    {
      "makerOrderId": "6741e3a6f4a7c50007f1438c",
      "price": "1.56274",
      "sequence": "10783800875436039",
      "side": "buy",
      "size": "0.179",
      "symbol": "XRP-USDT",
      "takerOrderId": "6741e3eb1586c10007f74611",
      "time": "1732371435214000000",
      "tradeId": "10783800875436039",
      "type": "match",
      "time_received": "14:17:15.2628"
    },
    {
      "makerOrderId": "67419b44c5ba7400073f1466",
      "price": "1.56292",
      "sequence": "10783800875436042",
      "side": "buy",
      "size": "1.5102",
      "symbol": "XRP-USDT",
      "takerOrderId": "6741e3eb1586c10007f74611",
      "time": "1732371435214000000",
      "tradeId": "10783800875436042",
      "type": "match",
      "time_received": "14:17:15.2629"
    },
    {
      "makerOrderId": "67419de3f1bf4000075aedf5",
      "price": "1.56295",
      "sequence": "10783800875436045",
      "side": "buy",
      "size": "0.4055",
      "symbol": "XRP-USDT",
      "takerOrderId": "6741e3eb1586c10007f74611",
      "time": "1732371435214000000",
      "tradeId": "10783800875436045",
      "type": "match",
      "time_received": "14:17:15.2629"
    },
    {
      "makerOrderId": "6741e3944fe7460007510d8c",
      "price": "1.56295",
      "sequence": "10783800875436048",
      "side": "buy",
      "size": "8.7032",
      "symbol": "XRP-USDT",
      "takerOrderId": "6741e3eb1586c10007f74611",
      "time": "1732371435214000000",
      "tradeId": "10783800875436048",
      "type": "match",
      "time_received": "14:17:15.2632"
    },
    {
      "makerOrderId": "67419a70cf286a0007f0f7f7",
      "price": "1.56296",
      "sequence": "10783800875436051",
      "side": "buy",
      "size": "0.6517",
      "symbol": "XRP-USDT",
      "takerOrderId": "6741e3eb1586c10007f74611",
      "time": "1732371435214000000",
      "tradeId": "10783800875436051",
      "type": "match",
      "time_received": "14:17:15.2632"
    },
    {
      "makerOrderId": "6741a212cf286a00071d2fe8",
      "price": "1.56298",
      "sequence": "10783800875436054",
      "side": "buy",
      "size": "0.4064",
      "symbol": "XRP-USDT",
      "takerOrderId": "6741e3eb1586c10007f74611",
      "time": "1732371435214000000",
      "tradeId": "10783800875436054",
      "type": "match",
      "time_received": "14:17:15.2633"
    },
    {
      "makerOrderId": "6741c46e1586c100073552dc",
      "price": "1.56298",
      "sequence": "10783800875436057",
      "side": "buy",
      "size": "0.5077",
      "symbol": "XRP-USDT",
      "takerOrderId": "6741e3eb1586c10007f74611",
      "time": "1732371435214000000",
      "tradeId": "10783800875436057",
      "type": "match",
      "time_received": "14:17:15.2633"
    },
    {
      "makerOrderId": "67419a05c5ba74000737d21b",
      "price": "1.563",
      "sequence": "10783800875436060",
      "side": "buy",
      "size": "4.4438",
      "symbol": "XRP-USDT",
      "takerOrderId": "6741e3eb1586c10007f74611",
      "time": "1732371435214000000",
      "tradeId": "10783800875436060",
      "type": "match",
      "time_received": "14:17:15.2633"
    },
    {
      "makerOrderId": "67419ddb0d85530007e5bfe3",
      "price": "1.563",
      "sequence": "10783800875436063",
      "side": "buy",
      "size": "6.7004",
      "symbol": "XRP-USDT",
      "takerOrderId": "6741e3eb1586c10007f74611",
      "time": "1732371435214000000",
      "tradeId": "10783800875436063",
      "type": "match",
      "time_received": "14:17:15.2633"
    },
    {
      "makerOrderId": "6741d5ba68486d00078875ab",
      "price": "1.563",
      "sequence": "10783800875436066",
      "side": "buy",
      "size": "15.1344",
      "symbol": "XRP-USDT",
      "takerOrderId": "6741e3eb1586c10007f74611",
      "time": "1732371435214000000",
      "tradeId": "10783800875436066",
      "type": "match",
      "time_received": "14:17:15.2634"
    },
    {
      "makerOrderId": "6741e3eb0d855300077826ba",
      "price": "1.56266",
      "sequence": "10783801029052417",
      "side": "sell",
      "size": "252.8032",
      "symbol": "XRP-USDT",
      "takerOrderId": "6741e3eb31d095000783f846",
      "time": "1732371435654000000",
      "tradeId": "10783801029052417",
      "type": "match",
      "time_received": "14:17:15.7039"
    },
    {
      "makerOrderId": "6741d5ba68486d00078875ab",
      "price": "1.563",
      "sequence": "10783801186994177",
      "side": "buy",
      "size": "0.1",
      "symbol": "XRP-USDT",
      "takerOrderId": "6741e3ec1586c10007f74c51",
      "time": "1732371436232000000",
      "tradeId": "10783801186994177",
      "type": "match",
      "time_received": "14:17:16.2809"
    },
    {
      "makerOrderId": "6741d5ba68486d00078875ab",
      "price": "1.563",
      "sequence": "10783801192499201",
      "side": "buy",
      "size": "0.1",
      "symbol": "XRP-USDT",
      "takerOrderId": "6741e3ecf4a7c50007f3369e",
      "time": "1732371436261000000",
      "tradeId": "10783801192499201",
      "type": "match",
      "time_received": "14:17:16.3110"
    },
    {
      "makerOrderId": "6741d5ba68486d00078875ab",
      "price": "1.563",
      "sequence": "10783801196955649",
      "side": "buy",
      "size": "0.1",
      "symbol": "XRP-USDT",
      "takerOrderId": "6741e3ec67cdc90007a48394",
      "time": "1732371436290000000",
      "tradeId": "10783801196955649",
      "type": "match",
      "time_received": "14:17:16.3403"
    },
    {
      "makerOrderId": "6741d5ba68486d00078875ab",
      "price": "1.563",
      "sequence": "10783801201936385",
      "side": "buy",
      "size": "0.1",
      "symbol": "XRP-USDT",
      "takerOrderId": "6741e3ec088f0100070128e6",
      "time": "1732371436325000000",
      "tradeId": "10783801201936385",
      "type": "match",
      "time_received": "14:17:16.3783"
    },
    {
      "makerOrderId": "6741d5ba68486d00078875ab",
      "price": "1.563",
      "sequence": "10783801206392833",
      "side": "buy",
      "size": "0.1",
      "symbol": "XRP-USDT",
      "takerOrderId": "6741e3ec4fe746000753809a",
      "time": "1732371436356000000",
      "tradeId": "10783801206392833",
      "type": "match",
      "time_received": "14:17:16.4056"
    },
    {
      "makerOrderId": "6741d5ba68486d00078875ab",
      "price": "1.563",
      "sequence": "10783801211504641",
      "side": "buy",
      "size": "0.1",
      "symbol": "XRP-USDT",
      "takerOrderId": "6741e3eccf286a000797ed12",
      "time": "1732371436391000000",
      "tradeId": "10783801211504641",
      "type": "match",
      "time_received": "14:17:16.4400"
    },
    {
      "makerOrderId": "6741d5ba68486d00078875ab",
      "price": "1.563",
      "sequence": "10783801216747521",
      "side": "buy",
      "size": "0.1",
      "symbol": "XRP-USDT",
      "takerOrderId": "6741e3ecb7e21a0007bd0a3c",
      "time": "1732371436414000000",
      "tradeId": "10783801216747521",
      "type": "match",
      "time_received": "14:17:16.4648"
    },
    {
      "makerOrderId": "6741d5ba68486d00078875ab",
      "price": "1.563",
      "sequence": "10783801220810753",
      "side": "buy",
      "size": "0.1",
      "symbol": "XRP-USDT",
      "takerOrderId": "6741e3eccf286a000797ed67",
      "time": "1732371436433000000",
      "tradeId": "10783801220810753",
      "type": "match",
      "time_received": "14:17:16.4821"
    },
    {
      "makerOrderId": "6741d5ba68486d00078875ab",
      "price": "1.563",
      "sequence": "10783801222907905",
      "side": "buy",
      "size": "0.1",
      "symbol": "XRP-USDT",
      "takerOrderId": "6741e3ec67cdc90007a48489",
      "time": "1732371436449000000",
      "tradeId": "10783801222907905",
      "type": "match",
      "time_received": "14:17:16.4937"
    },
    {
      "makerOrderId": "6741d5ba68486d00078875ab",
      "price": "1.563",
      "sequence": "10783801224611841",
      "side": "buy",
      "size": "0.1",
      "symbol": "XRP-USDT",
      "takerOrderId": "6741e3ecb7e21a0007bd0a8f",
      "time": "1732371436459000000",
      "tradeId": "10783801224611841",
      "type": "match",
      "time_received": "14:17:16.5080"
    },
    {
      "makerOrderId": "6741d5ba68486d00078875ab",
      "price": "1.563",
      "sequence": "10783801227495425",
      "side": "buy",
      "size": "0.1",
      "symbol": "XRP-USDT",
      "takerOrderId": "6741e3ecb7e21a0007bd0aa1",
      "time": "1732371436477000000",
      "tradeId": "10783801227495425",
      "type": "match",
      "time_received": "14:17:16.5259"
    },
    {
      "makerOrderId": "6741d5ba68486d00078875ab",
      "price": "1.563",
      "sequence": "10783801234311169",
      "side": "buy",
      "size": "0.1",
      "symbol": "XRP-USDT",
      "takerOrderId": "6741e3ec1586c10007f74e1b",
      "time": "1732371436496000000",
      "tradeId": "10783801234311169",
      "type": "match",
      "time_received": "14:17:16.5450"
    },
    {
      "makerOrderId": "6741d5ba68486d00078875ab",
      "price": "1.563",
      "sequence": "10783801239422977",
      "side": "buy",
      "size": "0.1",
      "symbol": "XRP-USDT",
      "takerOrderId": "6741e3ec088f0100070129fd",
      "time": "1732371436512000000",
      "tradeId": "10783801239422977",
      "type": "match",
      "time_received": "14:17:16.5608"
    },
    {
      "makerOrderId": "6741d5ba68486d00078875ab",
      "price": "1.563",
      "sequence": "10783801243486209",
      "side": "buy",
      "size": "0.1",
      "symbol": "XRP-USDT",
      "takerOrderId": "6741e3eccf286a000797eddc",
      "time": "1732371436526000000",
      "tradeId": "10783801243486209",
      "type": "match",
      "time_received": "14:17:16.5735"
    },
    {
      "makerOrderId": "6741d5ba68486d00078875ab",
      "price": "1.563",
      "sequence": "10783801253709825",
      "side": "buy",
      "size": "0.1",
      "symbol": "XRP-USDT",
      "takerOrderId": "6741e3ec37061e00079d1a9b",
      "time": "1732371436554000000",
      "tradeId": "10783801253709825",
      "type": "match",
      "time_received": "14:17:16.6029"
    },
    {
      "makerOrderId": "6741d5ba68486d00078875ab",
      "price": "1.563",
      "sequence": "10783801258166273",
      "side": "buy",
      "size": "0.1",
      "symbol": "XRP-USDT",
      "takerOrderId": "6741e3ec088f010007012a55",
      "time": "1732371436566000000",
      "tradeId": "10783801258166273",
      "type": "match",
      "time_received": "14:17:16.6140"
    },
    {
      "makerOrderId": "6741d5ba68486d00078875ab",
      "price": "1.563",
      "sequence": "10783801263802369",
      "side": "buy",
      "size": "0.1",
      "symbol": "XRP-USDT",
      "takerOrderId": "6741e3ec67cdc90007a48539",
      "time": "1732371436582000000",
      "tradeId": "10783801263802369",
      "type": "match",
      "time_received": "14:17:16.6314"
    },
    {
      "makerOrderId": "6741d5ba68486d00078875ab",
      "price": "1.563",
      "sequence": "10783801274812417",
      "side": "buy",
      "size": "0.1",
      "symbol": "XRP-USDT",
      "takerOrderId": "6741e3ec6967d300075c9317",
      "time": "1732371436613000000",
      "tradeId": "10783801274812417",
      "type": "match",
      "time_received": "14:17:16.6604"
    },
    {
      "makerOrderId": "6741d5ba68486d00078875ab",
      "price": "1.563",
      "sequence": "10783801277302785",
      "side": "buy",
      "size": "0.1",
      "symbol": "XRP-USDT",
      "takerOrderId": "6741e3ec67cdc90007a48565",
      "time": "1732371436627000000",
      "tradeId": "10783801277302785",
      "type": "match",
      "time_received": "14:17:16.6757"
    },
    {
      "makerOrderId": "6741d5ba68486d00078875ab",
      "price": "1.563",
      "sequence": "10783801533810689",
      "side": "buy",
      "size": "16.3875",
      "symbol": "XRP-USDT",
      "takerOrderId": "6741e3edc65bf700078c2e6a",
      "time": "1732371437027000000",
      "tradeId": "10783801533810689",
      "type": "match",
      "time_received": "14:17:17.0856"
    },
    {
      "makerOrderId": "6741d5ba68486d00078875ab",
      "price": "1.563",
      "sequence": "10783801536825345",
      "side": "buy",
      "size": "31.9375",
      "symbol": "XRP-USDT",
      "takerOrderId": "6741e3edc5ba740007e11d2d",
      "time": "1732371437028000000",
      "tradeId": "10783801536825345",
      "type": "match",
      "time_received": "14:17:17.0857"
    },
    {
      "makerOrderId": "6741e3b7df6f6e0007cb2eb9",
      "price": "1.563",
      "sequence": "10783801536825348",
      "side": "buy",
      "size": "221.0968",
      "symbol": "XRP-USDT",
      "takerOrderId": "6741e3edc5ba740007e11d2d",
      "time": "1732371437028000000",
      "tradeId": "10783801536825348",
      "type": "match",
      "time_received": "14:17:17.0857"
    },
    {
      "makerOrderId": "674198ba1586c10007464487",
      "price": "1.56305",
      "sequence": "10783801538660353",
      "side": "buy",
      "size": "0.1736",
      "symbol": "XRP-USDT",
      "takerOrderId": "6741e3edf15b270007f975ad",
      "time": "1732371437029000000",
      "tradeId": "10783801538660353",
      "type": "match",
      "time_received": "14:17:17.0857"
    },
    {
      "makerOrderId": "67419dd5df6f6e00073a0758",
      "price": "1.56305",
      "sequence": "10783801538660356",
      "side": "buy",
      "size": "0.8752",
      "symbol": "XRP-USDT",
      "takerOrderId": "6741e3edf15b270007f975ad",
      "time": "1732371437029000000",
      "tradeId": "10783801538660356",
      "type": "match",
      "time_received": "14:17:17.0858"
    },
    {
      "makerOrderId": "67419a92ae93cc00077b23c8",
      "price": "1.56306",
      "sequence": "10783801538660359",
      "side": "buy",
      "size": "0.4796",
      "symbol": "XRP-USDT",
      "takerOrderId": "6741e3edf15b270007f975ad",
      "time": "1732371437029000000",
      "tradeId": "10783801538660359",
      "type": "match",
      "time_received": "14:17:17.0858"
    },
    {
      "makerOrderId": "67419a92d52cb80007b09d08",
      "price": "1.56306",
      "sequence": "10783801538660362",
      "side": "buy",
      "size": "1.3493",
      "symbol": "XRP-USDT",
      "takerOrderId": "6741e3edf15b270007f975ad",
      "time": "1732371437029000000",
      "tradeId": "10783801538660362",
      "type": "match",
      "time_received": "14:17:17.0858"
    },
    {
      "makerOrderId": "67419a92f4a7c500074d15a9",
      "price": "1.56306",
      "sequence": "10783801538660365",
      "side": "buy",
      "size": "1.1016",
      "symbol": "XRP-USDT",
      "takerOrderId": "6741e3edf15b270007f975ad",
      "time": "1732371437029000000",
      "tradeId": "10783801538660365",
      "type": "match",
      "time_received": "14:17:17.0859"
    },
    {
      "makerOrderId": "67419a926967d30007b66bd9",
      "price": "1.56306",
      "sequence": "10783801538660368",
      "side": "buy",
      "size": "1.2781",
      "symbol": "XRP-USDT",
      "takerOrderId": "6741e3edf15b270007f975ad",
      "time": "1732371437029000000",
      "tradeId": "10783801538660368",
      "type": "match",
      "time_received": "14:17:17.0859"
    },
    {
      "makerOrderId": "67419a9231d0950007dde34c",
      "price": "1.56306",
      "sequence": "10783801538660371",
      "side": "buy",
      "size": "0.6028",
      "symbol": "XRP-USDT",
      "takerOrderId": "6741e3edf15b270007f975ad",
      "time": "1732371437029000000",
      "tradeId": "10783801538660371",
      "type": "match",
      "time_received": "14:17:17.0859"
    },
    {
      "makerOrderId": "67419a926967d30007b66c44",
      "price": "1.56306",
      "sequence": "10783801538660374",
      "side": "buy",
      "size": "1.6322",
      "symbol": "XRP-USDT",
      "takerOrderId": "6741e3edf15b270007f975ad",
      "time": "1732371437029000000",
      "tradeId": "10783801538660374",
      "type": "match",
      "time_received": "14:17:17.0859"
    },
    {
      "makerOrderId": "67419a920d85530007d20b77",
      "price": "1.56306",
      "sequence": "10783801538660377",
      "side": "buy",
      "size": "1.09",
      "symbol": "XRP-USDT",
      "takerOrderId": "6741e3edf15b270007f975ad",
      "time": "1732371437029000000",
      "tradeId": "10783801538660377",
      "type": "match",
      "time_received": "14:17:17.0859"
    },
    {
      "makerOrderId": "67419a92c5ba7400073af6e4",
      "price": "1.56306",
      "sequence": "10783801538660380",
      "side": "buy",
      "size": "1.0385",
      "symbol": "XRP-USDT",
      "takerOrderId": "6741e3edf15b270007f975ad",
      "time": "1732371437029000000",
      "tradeId": "10783801538660380",
      "type": "match",
      "time_received": "14:17:17.0860"
    },
    {
      "makerOrderId": "67419a926967d30007b66c48",
      "price": "1.56306",
      "sequence": "10783801538660383",
      "side": "buy",
      "size": "1.3393",
      "symbol": "XRP-USDT",
      "takerOrderId": "6741e3edf15b270007f975ad",
      "time": "1732371437029000000",
      "tradeId": "10783801538660383",
      "type": "match",
      "time_received": "14:17:17.0964"
    },
    {
      "makerOrderId": "67419a92b7e21a000716dbf2",
      "price": "1.56306",
      "sequence": "10783801538660386",
      "side": "buy",
      "size": "7.2714",
      "symbol": "XRP-USDT",
      "takerOrderId": "6741e3edf15b270007f975ad",
      "time": "1732371437029000000",
      "tradeId": "10783801538660386",
      "type": "match",
      "time_received": "14:17:17.0966"
    },
    {
      "makerOrderId": "67419a926967d30007b66cea",
      "price": "1.56306",
      "sequence": "10783801538660389",
      "side": "buy",
      "size": "2.412",
      "symbol": "XRP-USDT",
      "takerOrderId": "6741e3edf15b270007f975ad",
      "time": "1732371437029000000",
      "tradeId": "10783801538660389",
      "type": "match",
      "time_received": "14:17:17.0967"
    },
    {
      "makerOrderId": "67419a924fe7460007ad6bec",
      "price": "1.56306",
      "sequence": "10783801538660392",
      "side": "buy",
      "size": "0.8416",
      "symbol": "XRP-USDT",
      "takerOrderId": "6741e3edf15b270007f975ad",
      "time": "1732371437029000000",
      "tradeId": "10783801538660392",
      "type": "match",
      "time_received": "14:17:17.0967"
    },
    {
      "makerOrderId": "67419a47b7e21a0007151fe3",
      "price": "1.56307",
      "sequence": "10783801538660395",
      "side": "buy",
      "size": "0.6739",
      "symbol": "XRP-USDT",
      "takerOrderId": "6741e3edf15b270007f975ad",
      "time": "1732371437029000000",
      "tradeId": "10783801538660395",
      "type": "match",
      "time_received": "14:17:17.0967"
    },
    {
      "makerOrderId": "67419dd3d52cb80007c41592",
      "price": "1.56309",
      "sequence": "10783801538660398",
      "side": "buy",
      "size": "2.4321",
      "symbol": "XRP-USDT",
      "takerOrderId": "6741e3edf15b270007f975ad",
      "time": "1732371437029000000",
      "tradeId": "10783801538660398",
      "type": "match",
      "time_received": "14:17:17.0968"
    },
    {
      "makerOrderId": "67419dd3df6f6e000739f504",
      "price": "1.56309",
      "sequence": "10783801538660401",
      "side": "buy",
      "size": "0.8089",
      "symbol": "XRP-USDT",
      "takerOrderId": "6741e3edf15b270007f975ad",
      "time": "1732371437029000000",
      "tradeId": "10783801538660401",
      "type": "match",
      "time_received": "14:17:17.0974"
    },
    {
      "makerOrderId": "67419dd3c65bf70007f98224",
      "price": "1.56309",
      "sequence": "10783801538660404",
      "side": "buy",
      "size": "0.2833",
      "symbol": "XRP-USDT",
      "takerOrderId": "6741e3edf15b270007f975ad",
      "time": "1732371437029000000",
      "tradeId": "10783801538660404",
      "type": "match",
      "time_received": "14:17:17.0975"
    },
    {
      "makerOrderId": "67419dd3df6f6e000739f59f",
      "price": "1.56309",
      "sequence": "10783801538660407",
      "side": "buy",
      "size": "0.1408",
      "symbol": "XRP-USDT",
      "takerOrderId": "6741e3edf15b270007f975ad",
      "time": "1732371437029000000",
      "tradeId": "10783801538660407",
      "type": "match",
      "time_received": "14:17:17.0977"
    },
    {
      "makerOrderId": "67419a04088f01000757c47e",
      "price": "1.5631",
      "sequence": "10783801538660410",
      "side": "buy",
      "size": "7.8267",
      "symbol": "XRP-USDT",
      "takerOrderId": "6741e3edf15b270007f975ad",
      "time": "1732371437029000000",
      "tradeId": "10783801538660410",
      "type": "match",
      "time_received": "14:17:17.0977"
    },
    {
      "makerOrderId": "6741a7cef15b2700079e3185",
      "price": "1.5631",
      "sequence": "10783801538660413",
      "side": "buy",
      "size": "2.7138",
      "symbol": "XRP-USDT",
      "takerOrderId": "6741e3edf15b270007f975ad",
      "time": "1732371437029000000",
      "tradeId": "10783801538660413",
      "type": "match",
      "time_received": "14:17:17.0977"
    },
    {
      "makerOrderId": "67419a08c65bf70007e2fa24",
      "price": "1.56312",
      "sequence": "10783801538660416",
      "side": "buy",
      "size": "0.2019",
      "symbol": "XRP-USDT",
      "takerOrderId": "6741e3edf15b270007f975ad",
      "time": "1732371437029000000",
      "tradeId": "10783801538660416",
      "type": "match",
      "time_received": "14:17:17.0980"
    },
    {
      "makerOrderId": "67419a936967d30007b67006",
      "price": "1.56314",
      "sequence": "10783801538660419",
      "side": "buy",
      "size": "40.5959",
      "symbol": "XRP-USDT",
      "takerOrderId": "6741e3edf15b270007f975ad",
      "time": "1732371437029000000",
      "tradeId": "10783801538660419",
      "type": "match",
      "time_received": "14:17:17.0982"
    },
    {
      "makerOrderId": "6741a7cf088f010007a5d32b",
      "price": "1.56314",
      "sequence": "10783801538660422",
      "side": "buy",
      "size": "10.2645",
      "symbol": "XRP-USDT",
      "takerOrderId": "6741e3edf15b270007f975ad",
      "time": "1732371437029000000",
      "tradeId": "10783801538660422",
      "type": "match",
      "time_received": "14:17:17.0982"
    },
    {
      "makerOrderId": "67419ddb67cdc900071215f7",
      "price": "1.56315",
      "sequence": "10783801538660425",
      "side": "buy",
      "size": "0.1783",
      "symbol": "XRP-USDT",
      "takerOrderId": "6741e3edf15b270007f975ad",
      "time": "1732371437029000000",
      "tradeId": "10783801538660425",
      "type": "match",
      "time_received": "14:17:17.0982"
    },
    {
      "makerOrderId": "6741e26af4a7c50007e919d4",
      "price": "1.56315",
      "sequence": "10783801538660428",
      "side": "buy",
      "size": "3.8543",
      "symbol": "XRP-USDT",
      "takerOrderId": "6741e3edf15b270007f975ad",
      "time": "1732371437029000000",
      "tradeId": "10783801538660428",
      "type": "match",
      "time_received": "14:17:17.0983"
    },
    {
      "makerOrderId": "6741e26a1586c10007ed312a",
      "price": "1.56315",
      "sequence": "10783801538660431",
      "side": "buy",
      "size": "3.8423",
      "symbol": "XRP-USDT",
      "takerOrderId": "6741e3edf15b270007f975ad",
      "time": "1732371437029000000",
      "tradeId": "10783801538660431",
      "type": "match",
      "time_received": "14:17:17.1492"
    },
    {
      "makerOrderId": "67419a93ae93cc00077b2839",
      "price": "1.56317",
      "sequence": "10783801538660434",
      "side": "buy",
      "size": "1.2991",
      "symbol": "XRP-USDT",
      "takerOrderId": "6741e3edf15b270007f975ad",
      "time": "1732371437029000000",
      "tradeId": "10783801538660434",
      "type": "match",
      "time_received": "14:17:17.1492"
    },
    {
      "makerOrderId": "6741aa8f0d855300072c7537",
      "price": "1.56318",
      "sequence": "10783801538660437",
      "side": "buy",
      "size": "1.0014",
      "symbol": "XRP-USDT",
      "takerOrderId": "6741e3edf15b270007f975ad",
      "time": "1732371437029000000",
      "tradeId": "10783801538660437",
      "type": "match",
      "time_received": "14:17:17.1493"
    },
    {
      "makerOrderId": "674197746967d30007a40a41",
      "price": "1.5632",
      "sequence": "10783801538660440",
      "side": "buy",
      "size": "6.335",
      "symbol": "XRP-USDT",
      "takerOrderId": "6741e3edf15b270007f975ad",
      "time": "1732371437029000000",
      "tradeId": "10783801538660440",
      "type": "match",
      "time_received": "14:17:17.1493"
    },
    {
      "makerOrderId": "674198bb31d0950007d31e08",
      "price": "1.5632",
      "sequence": "10783801538660443",
      "side": "buy",
      "size": "0.3365",
      "symbol": "XRP-USDT",
      "takerOrderId": "6741e3edf15b270007f975ad",
      "time": "1732371437029000000",
      "tradeId": "10783801538660443",
      "type": "match",
      "time_received": "14:17:17.1493"
    },
    {
      "makerOrderId": "67419a70c5ba7400073a2949",
      "price": "1.5632",
      "sequence": "10783801538660446",
      "side": "buy",
      "size": "3.1757",
      "symbol": "XRP-USDT",
      "takerOrderId": "6741e3edf15b270007f975ad",
      "time": "1732371437029000000",
      "tradeId": "10783801538660446",
      "type": "match",
      "time_received": "14:17:17.1493"
    },
    {
      "makerOrderId": "67419a7031d0950007dd1822",
      "price": "1.5632",
      "sequence": "10783801538660449",
      "side": "buy",
      "size": "0.887",
      "symbol": "XRP-USDT",
      "takerOrderId": "6741e3edf15b270007f975ad",
      "time": "1732371437029000000",
      "tradeId": "10783801538660449",
      "type": "match",
      "time_received": "14:17:17.1494"
    },
    {
      "makerOrderId": "67419dd5cf286a0007054a63",
      "price": "1.5632",
      "sequence": "10783801538660452",
      "side": "buy",
      "size": "7.2386",
      "symbol": "XRP-USDT",
      "takerOrderId": "6741e3edf15b270007f975ad",
      "time": "1732371437029000000",
      "tradeId": "10783801538660452",
      "type": "match",
      "time_received": "14:17:17.1494"
    },
    {
      "makerOrderId": "6741a7db68486d0007877682",
      "price": "1.5632",
      "sequence": "10783801538660455",
      "side": "buy",
      "size": "0.9551",
      "symbol": "XRP-USDT",
      "takerOrderId": "6741e3edf15b270007f975ad",
      "time": "1732371437029000000",
      "tradeId": "10783801538660455",
      "type": "match",
      "time_received": "14:17:17.1495"
    },
    {
      "makerOrderId": "67419a70c5ba7400073a2a9e",
      "price": "1.56321",
      "sequence": "10783801538660458",
      "side": "buy",
      "size": "7.2955",
      "symbol": "XRP-USDT",
      "takerOrderId": "6741e3edf15b270007f975ad",
      "time": "1732371437029000000",
      "tradeId": "10783801538660458",
      "type": "match",
      "time_received": "14:17:17.1495"
    },
    {
      "makerOrderId": "6741a2104fe7460007d8ca74",
      "price": "1.56321",
      "sequence": "10783801538660461",
      "side": "buy",
      "size": "0.2805",
      "symbol": "XRP-USDT",
      "takerOrderId": "6741e3edf15b270007f975ad",
      "time": "1732371437029000000",
      "tradeId": "10783801538660461",
      "type": "match",
      "time_received": "14:17:17.1495"
    },
    {
      "makerOrderId": "67419b444fe7460007b189aa",
      "price": "1.56322",
      "sequence": "10783801544558593",
      "side": "buy",
      "size": "0.4191",
      "symbol": "XRP-USDT",
      "takerOrderId": "6741e3edb7e21a0007bd0f94",
      "time": "1732371437032000000",
      "tradeId": "10783801544558593",
      "type": "match",
      "time_received": "14:17:17.1496"
    },
    {
      "makerOrderId": "6741c65bc65bf70007d4af43",
      "price": "1.56322",
      "sequence": "10783801544558596",
      "side": "buy",
      "size": "9.1897",
      "symbol": "XRP-USDT",
      "takerOrderId": "6741e3edb7e21a0007bd0f94",
      "time": "1732371437032000000",
      "tradeId": "10783801544558596",
      "type": "match",
      "time_received": "14:17:17.1496"
    },
    {
      "makerOrderId": "67419a47df6f6e000724c4a6",
      "price": "1.56323",
      "sequence": "10783801544558599",
      "side": "buy",
      "size": "1.207",
      "symbol": "XRP-USDT",
      "takerOrderId": "6741e3edb7e21a0007bd0f94",
      "time": "1732371437032000000",
      "tradeId": "10783801544558599",
      "type": "match",
      "time_received": "14:17:17.1496"
    },
    {
      "makerOrderId": "67419a92f15b270007535090",
      "price": "1.56323",
      "sequence": "10783801544558602",
      "side": "buy",
      "size": "8.0646",
      "symbol": "XRP-USDT",
      "takerOrderId": "6741e3edb7e21a0007bd0f94",
      "time": "1732371437032000000",
      "tradeId": "10783801544558602",
      "type": "match",
      "time_received": "14:17:17.1496"
    },
    {
      "makerOrderId": "67419a70088f0100075a1fd9",
      "price": "1.56325",
      "sequence": "10783801544558605",
      "side": "buy",
      "size": "1.6126",
      "symbol": "XRP-USDT",
      "takerOrderId": "6741e3edb7e21a0007bd0f94",
      "time": "1732371437032000000",
      "tradeId": "10783801544558605",
      "type": "match",
      "time_received": "14:17:17.1500"
    },
    {
      "makerOrderId": "674198bcf15b270007488b22",
      "price": "1.56328",
      "sequence": "10783801544558608",
      "side": "buy",
      "size": "33.0369",
      "symbol": "XRP-USDT",
      "takerOrderId": "6741e3edb7e21a0007bd0f94",
      "time": "1732371437032000000",
      "tradeId": "10783801544558608",
      "type": "match",
      "time_received": "14:17:17.1500"
    },
    {
      "makerOrderId": "67419a9368486d00073c37f9",
      "price": "1.56328",
      "sequence": "10783801544558611",
      "side": "buy",
      "size": "4.5053",
      "symbol": "XRP-USDT",
      "takerOrderId": "6741e3edb7e21a0007bd0f94",
      "time": "1732371437032000000",
      "tradeId": "10783801544558611",
      "type": "match",
      "time_received": "14:17:17.1501"
    },
    {
      "makerOrderId": "6741a7cf088f010007a5d328",
      "price": "1.56328",
      "sequence": "10783801544558614",
      "side": "buy",
      "size": "65.2188",
      "symbol": "XRP-USDT",
      "takerOrderId": "6741e3edb7e21a0007bd0f94",
      "time": "1732371437032000000",
      "tradeId": "10783801544558614",
      "type": "match",
      "time_received": "14:17:17.1501"
    },
    {
      "makerOrderId": "6741a7cf68486d0007872aaf",
      "price": "1.56328",
      "sequence": "10783801544558617",
      "side": "buy",
      "size": "0.6949",
      "symbol": "XRP-USDT",
      "takerOrderId": "6741e3edb7e21a0007bd0f94",
      "time": "1732371437032000000",
      "tradeId": "10783801544558617",
      "type": "match",
      "time_received": "14:17:17.1501"
    },
    {
      "makerOrderId": "67419dd5f4f12000077f1318",
      "price": "1.5633",
      "sequence": "10783801544558620",
      "side": "buy",
      "size": "2.218",
      "symbol": "XRP-USDT",
      "takerOrderId": "6741e3edb7e21a0007bd0f94",
      "time": "1732371437032000000",
      "tradeId": "10783801544558620",
      "type": "match",
      "time_received": "14:17:17.1501"
    },
    {
      "makerOrderId": "67419ddbf4a7c5000760c437",
      "price": "1.5633",
      "sequence": "10783801544558623",
      "side": "buy",
      "size": "0.364",
      "symbol": "XRP-USDT",
      "takerOrderId": "6741e3edb7e21a0007bd0f94",
      "time": "1732371437032000000",
      "tradeId": "10783801544558623",
      "type": "match",
      "time_received": "14:17:17.1502"
    },
    {
      "makerOrderId": "67419a05cf286a0007ee9f4d",
      "price": "1.56334",
      "sequence": "10783801544558626",
      "side": "buy",
      "size": "0.193",
      "symbol": "XRP-USDT",
      "takerOrderId": "6741e3edb7e21a0007bd0f94",
      "time": "1732371437032000000",
      "tradeId": "10783801544558626",
      "type": "match",
      "time_received": "14:17:17.1502"
    },
    {
      "makerOrderId": "6741a7cef4f1200007b66b3a",
      "price": "1.56335",
      "sequence": "10783801544558629",
      "side": "buy",
      "size": "16.3941",
      "symbol": "XRP-USDT",
      "takerOrderId": "6741e3edb7e21a0007bd0f94",
      "time": "1732371437032000000",
      "tradeId": "10783801544558629",
      "type": "match",
      "time_received": "14:17:17.1502"
    },
    {
      "makerOrderId": "67419aa331d0950007de4d5e",
      "price": "1.56337",
      "sequence": "10783801544558632",
      "side": "buy",
      "size": "3.7351",
      "symbol": "XRP-USDT",
      "takerOrderId": "6741e3edb7e21a0007bd0f94",
      "time": "1732371437032000000",
      "tradeId": "10783801544558632",
      "type": "match",
      "time_received": "14:17:17.1503"
    },
    {
      "makerOrderId": "6741e3d0cf286a000797241b",
      "price": "1.56337",
      "sequence": "10783801544558635",
      "side": "buy",
      "size": "75",
      "symbol": "XRP-USDT",
      "takerOrderId": "6741e3edb7e21a0007bd0f94",
      "time": "1732371437032000000",
      "tradeId": "10783801544558635",
      "type": "match",
      "time_received": "14:17:17.1503"
    },
    {
      "makerOrderId": "67419b47c65bf70007ea3828",
      "price": "1.56338",
      "sequence": "10783801544558638",
      "side": "buy",
      "size": "41.5154",
      "symbol": "XRP-USDT",
      "takerOrderId": "6741e3edb7e21a0007bd0f94",
      "time": "1732371437032000000",
      "tradeId": "10783801544558638",
      "type": "match",
      "time_received": "14:17:17.1504"
    },
    {
      "makerOrderId": "67419dd5ae93cc00078eaeb0",
      "price": "1.56339",
      "sequence": "10783801544558641",
      "side": "buy",
      "size": "0.4816",
      "symbol": "XRP-USDT",
      "takerOrderId": "6741e3edb7e21a0007bd0f94",
      "time": "1732371437032000000",
      "tradeId": "10783801544558641",
      "type": "match",
      "time_received": "14:17:17.1504"
    },
    {
      "makerOrderId": "6741a7d2c5ba74000785fd50",
      "price": "1.56339",
      "sequence": "10783801544558644",
      "side": "buy",
      "size": "17.6899",
      "symbol": "XRP-USDT",
      "takerOrderId": "6741e3edb7e21a0007bd0f94",
      "time": "1732371437032000000",
      "tradeId": "10783801544558644",
      "type": "match",
      "time_received": "14:17:17.1504"
    },
    {
      "makerOrderId": "67419a051586c100074df194",
      "price": "1.56342",
      "sequence": "10783801544558647",
      "side": "buy",
      "size": "13.221",
      "symbol": "XRP-USDT",
      "takerOrderId": "6741e3edb7e21a0007bd0f94",
      "time": "1732371437032000000",
      "tradeId": "10783801544558647",
      "type": "match",
      "time_received": "14:17:17.1505"
    },
    {
      "makerOrderId": "67419a044fe7460007aa421c",
      "price": "1.56346",
      "sequence": "10783801544558650",
      "side": "buy",
      "size": "14.8296",
      "symbol": "XRP-USDT",
      "takerOrderId": "6741e3edb7e21a0007bd0f94",
      "time": "1732371437032000000",
      "tradeId": "10783801544558650",
      "type": "match",
      "time_received": "14:17:17.1505"
    },
    {
      "makerOrderId": "67419a0868486d000739204d",
      "price": "1.56348",
      "sequence": "10783801544558653",
      "side": "buy",
      "size": "0.5164",
      "symbol": "XRP-USDT",
      "takerOrderId": "6741e3edb7e21a0007bd0f94",
      "time": "1732371437032000000",
      "tradeId": "10783801544558653",
      "type": "match",
      "time_received": "14:17:17.1505"
    },
    {
      "makerOrderId": "67419a08c65bf70007e2fa5d",
      "price": "1.56348",
      "sequence": "10783801544558656",
      "side": "buy",
      "size": "0.1557",
      "symbol": "XRP-USDT",
      "takerOrderId": "6741e3edb7e21a0007bd0f94",
      "time": "1732371437032000000",
      "tradeId": "10783801544558656",
      "type": "match",
      "time_received": "14:17:17.1505"
    },
    {
      "makerOrderId": "67419a9337061e0007f7154c",
      "price": "1.56348",
      "sequence": "10783801544558659",
      "side": "buy",
      "size": "191.9485",
      "symbol": "XRP-USDT",
      "takerOrderId": "6741e3edb7e21a0007bd0f94",
      "time": "1732371437032000000",
      "tradeId": "10783801544558659",
      "type": "match",
      "time_received": "14:17:17.1506"
    },
    {
      "makerOrderId": "6741a210f1bf4000077252ff",
      "price": "1.56348",
      "sequence": "10783801544558662",
      "side": "buy",
      "size": "0.2276",
      "symbol": "XRP-USDT",
      "takerOrderId": "6741e3edb7e21a0007bd0f94",
      "time": "1732371437032000000",
      "tradeId": "10783801544558662",
      "type": "match",
      "time_received": "14:17:17.1506"
    },
    {
      "makerOrderId": "6741abae37061e0007583f05",
      "price": "1.56353",
      "sequence": "10783801641814017",
      "side": "buy",
      "size": "9.9556",
      "symbol": "XRP-USDT",
      "takerOrderId": "6741e3ed088f010007013021",
      "time": "1732371437111000000",
      "tradeId": "10783801641814017",
      "type": "match",
      "time_received": "14:17:17.1577"
    },
    {
      "makerOrderId": "6741976f31d0950007cb6229",
      "price": "1.56355",
      "sequence": "10783801681659905",
      "side": "buy",
      "size": "18.5604",
      "symbol": "XRP-USDT",
      "takerOrderId": "6741e3ed37061e00079d2184",
      "time": "1732371437184000000",
      "tradeId": "10783801681659905",
      "type": "match",
      "time_received": "14:17:17.2329"
    },
    {
      "makerOrderId": "67419774b7e21a00070472fb",
      "price": "1.56355",
      "sequence": "10783801681659908",
      "side": "buy",
      "size": "0.1649",
      "symbol": "XRP-USDT",
      "takerOrderId": "6741e3ed37061e00079d2184",
      "time": "1732371437184000000",
      "tradeId": "10783801681659908",
      "type": "match",
      "time_received": "14:17:17.2334"
    },
    {
      "makerOrderId": "67419b444fe7460007b18951",
      "price": "1.56355",
      "sequence": "10783801681659911",
      "side": "buy",
      "size": "0.258",
      "symbol": "XRP-USDT",
      "takerOrderId": "6741e3ed37061e00079d2184",
      "time": "1732371437184000000",
      "tradeId": "10783801681659911",
      "type": "match",
      "time_received": "14:17:17.2335"
    },
    {
      "makerOrderId": "6741b46ff4f1200007fdcb1f",
      "price": "1.56355",
      "sequence": "10783801681659914",
      "side": "buy",
      "size": "0.1296",
      "symbol": "XRP-USDT",
      "takerOrderId": "6741e3ed37061e00079d2184",
      "time": "1732371437184000000",
      "tradeId": "10783801681659914",
      "type": "match",
      "time_received": "14:17:17.2335"
    },
    {
      "makerOrderId": "6741bf664fe74600077753b8",
      "price": "1.56355",
      "sequence": "10783801681659917",
      "side": "buy",
      "size": "0.4147",
      "symbol": "XRP-USDT",
      "takerOrderId": "6741e3ed37061e00079d2184",
      "time": "1732371437184000000",
      "tradeId": "10783801681659917",
      "type": "match",
      "time_received": "14:17:17.2335"
    },
    {
      "makerOrderId": "6741975ecf286a0007ded271",
      "price": "1.56356",
      "sequence": "10783801681659920",
      "side": "buy",
      "size": "0.7888",
      "symbol": "XRP-USDT",
      "takerOrderId": "6741e3ed37061e00079d2184",
      "time": "1732371437184000000",
      "tradeId": "10783801681659920",
      "type": "match",
      "time_received": "14:17:17.2337"
    },
    {
      "makerOrderId": "67419a040d85530007cee282",
      "price": "1.56356",
      "sequence": "10783801681659923",
      "side": "buy",
      "size": "2.5733",
      "symbol": "XRP-USDT",
      "takerOrderId": "6741e3ed37061e00079d2184",
      "time": "1732371437184000000",
      "tradeId": "10783801681659923",
      "type": "match",
      "time_received": "14:17:17.2338"
    },
    {
      "makerOrderId": "6741a69c4fe7460007f20cd4",
      "price": "1.56357",
      "sequence": "10783801681659926",
      "side": "buy",
      "size": "0.1328",
      "symbol": "XRP-USDT",
      "takerOrderId": "6741e3ed37061e00079d2184",
      "time": "1732371437184000000",
      "tradeId": "10783801681659926",
      "type": "match",
      "time_received": "14:17:17.2338"
    },
    {
      "makerOrderId": "6741b604cf286a00078c3f9b",
      "price": "1.56357",
      "sequence": "10783801681659929",
      "side": "buy",
      "size": "1.0693",
      "symbol": "XRP-USDT",
      "takerOrderId": "6741e3ed37061e00079d2184",
      "time": "1732371437184000000",
      "tradeId": "10783801681659929",
      "type": "match",
      "time_received": "14:17:17.2338"
    },
    {
      "makerOrderId": "67419dd5f4f12000077f1a1a",
      "price": "1.56358",
      "sequence": "10783801681659932",
      "side": "buy",
      "size": "0.122",
      "symbol": "XRP-USDT",
      "takerOrderId": "6741e3ed37061e00079d2184",
      "time": "1732371437184000000",
      "tradeId": "10783801681659932",
      "type": "match",
      "time_received": "14:17:17.2339"
    },
    {
      "makerOrderId": "67419ddb1586c1000764ce91",
      "price": "1.56358",
      "sequence": "10783801681659935",
      "side": "buy",
      "size": "2.0354",
      "symbol": "XRP-USDT",
      "takerOrderId": "6741e3ed37061e00079d2184",
      "time": "1732371437184000000",
      "tradeId": "10783801681659935",
      "type": "match",
      "time_received": "14:17:17.2339"
    },
    {
      "makerOrderId": "6741dc43b7e21a00078a18ba",
      "price": "1.56358",
      "sequence": "10783801681659938",
      "side": "buy",
      "size": "5.1565",
      "symbol": "XRP-USDT",
      "takerOrderId": "6741e3ed37061e00079d2184",
      "time": "1732371437184000000",
      "tradeId": "10783801681659938",
      "type": "match",
      "time_received": "14:17:17.2341"
    },
    {
      "makerOrderId": "6741e3a767cdc90007a298c7",
      "price": "1.56358",
      "sequence": "10783801681659941",
      "side": "buy",
      "size": "0.3333",
      "symbol": "XRP-USDT",
      "takerOrderId": "6741e3ed37061e00079d2184",
      "time": "1732371437184000000",
      "tradeId": "10783801681659941",
      "type": "match",
      "time_received": "14:17:17.2341"
    },
    {
      "makerOrderId": "67419a084fe7460007aa581c",
      "price": "1.56359",
      "sequence": "10783801681659944",
      "side": "buy",
      "size": "0.1522",
      "symbol": "XRP-USDT",
      "takerOrderId": "6741e3ed37061e00079d2184",
      "time": "1732371437184000000",
      "tradeId": "10783801681659944",
      "type": "match",
      "time_received": "14:17:17.2341"
    },
    {
      "makerOrderId": "67419a0868486d00073920f9",
      "price": "1.56359",
      "sequence": "10783801681659947",
      "side": "buy",
      "size": "73.8345",
      "symbol": "XRP-USDT",
      "takerOrderId": "6741e3ed37061e00079d2184",
      "time": "1732371437184000000",
      "tradeId": "10783801681659947",
      "type": "match",
      "time_received": "14:17:17.2341"
    },
    {
      "makerOrderId": "6741e3eeae93cc0007215eef",
      "price": "1.56321",
      "sequence": "10783802061244417",
      "side": "sell",
      "size": "0.4064",
      "symbol": "XRP-USDT",
      "takerOrderId": "6741e3eef4f120000711c6c8",
      "time": "1732371438522000000",
      "tradeId": "10783802061244417",
      "type": "match",
      "time_received": "14:17:18.5665"
    },
    {
      "makerOrderId": "6741e3eef4a7c50007f34678",
      "price": "1.56353",
      "sequence": "10783802169640961",
      "side": "buy",
      "size": "9.9556",
      "symbol": "XRP-USDT",
      "takerOrderId": "6741e3eea4047b000703610c",
      "time": "1732371438955000000",
      "tradeId": "10783802169640961",
      "type": "match",
      "time_received": "14:17:19.0067"
    },
    {
      "makerOrderId": "67419a0868486d00073920f9",
      "price": "1.56359",
      "sequence": "10783802169640964",
      "side": "buy",
      "size": "3.755",
      "symbol": "XRP-USDT",
      "takerOrderId": "6741e3eea4047b000703610c",
      "time": "1732371438955000000",
      "tradeId": "10783802169640964",
      "type": "match",
      "time_received": "14:17:19.0068"
    },
    {
      "makerOrderId": "67419b47c5ba7400073f2536",
      "price": "1.5636",
      "sequence": "10783802169640967",
      "side": "buy",
      "size": "5.6161",
      "symbol": "XRP-USDT",
      "takerOrderId": "6741e3eea4047b000703610c",
      "time": "1732371438955000000",
      "tradeId": "10783802169640967",
      "type": "match",
      "time_received": "14:17:19.0069"
    },
    {
      "makerOrderId": "67419b47f4f12000076fc2a9",
      "price": "1.5636",
      "sequence": "10783802169640970",
      "side": "buy",
      "size": "0.6225",
      "symbol": "XRP-USDT",
      "takerOrderId": "6741e3eea4047b000703610c",
      "time": "1732371438955000000",
      "tradeId": "10783802169640970",
      "type": "match",
      "time_received": "14:17:19.0072"
    },
    {
      "makerOrderId": "67419b47cf286a0007f5f0fa",
      "price": "1.5636",
      "sequence": "10783802169640973",
      "side": "buy",
      "size": "5.6303",
      "symbol": "XRP-USDT",
      "takerOrderId": "6741e3eea4047b000703610c",
      "time": "1732371438955000000",
      "tradeId": "10783802169640973",
      "type": "match",
      "time_received": "14:17:19.0072"
    },
    {
      "makerOrderId": "67419b47f1bf4000074b1a3b",
      "price": "1.5636",
      "sequence": "10783802169640976",
      "side": "buy",
      "size": "1.0663",
      "symbol": "XRP-USDT",
      "takerOrderId": "6741e3eea4047b000703610c",
      "time": "1732371438955000000",
      "tradeId": "10783802169640976",
      "type": "match",
      "time_received": "14:17:19.0073"
    },
    {
      "makerOrderId": "67419b47f15b270007577e0f",
      "price": "1.5636",
      "sequence": "10783802169640979",
      "side": "buy",
      "size": "2.2535",
      "symbol": "XRP-USDT",
      "takerOrderId": "6741e3eea4047b000703610c",
      "time": "1732371438955000000",
      "tradeId": "10783802169640979",
      "type": "match",
      "time_received": "14:17:19.0075"
    },
    {
      "makerOrderId": "67419dd367cdc9000711dc87",
      "price": "1.5636",
      "sequence": "10783802169640982",
      "side": "buy",
      "size": "0.6633",
      "symbol": "XRP-USDT",
      "takerOrderId": "6741e3eea4047b000703610c",
      "time": "1732371438955000000",
      "tradeId": "10783802169640982",
      "type": "match",
      "time_received": "14:17:19.0075"
    },
    {
      "makerOrderId": "67419dd34fe7460007c0e787",
      "price": "1.5636",
      "sequence": "10783802169640985",
      "side": "buy",
      "size": "0.3847",
      "symbol": "XRP-USDT",
      "takerOrderId": "6741e3eea4047b000703610c",
      "time": "1732371438955000000",
      "tradeId": "10783802169640985",
      "type": "match",
      "time_received": "14:17:19.0075"
    },
    {
      "makerOrderId": "6741a7ce0d855300071ce93a",
      "price": "1.5636",
      "sequence": "10783802169640988",
      "side": "buy",
      "size": "2.3072",
      "symbol": "XRP-USDT",
      "takerOrderId": "6741e3eea4047b000703610c",
      "time": "1732371438955000000",
      "tradeId": "10783802169640988",
      "type": "match",
      "time_received": "14:17:19.0076"
    },
    {
      "makerOrderId": "67419a4768486d00073a7ad4",
      "price": "1.56362",
      "sequence": "10783802169640991",
      "side": "buy",
      "size": "0.1335",
      "symbol": "XRP-USDT",
      "takerOrderId": "6741e3eea4047b000703610c",
      "time": "1732371438955000000",
      "tradeId": "10783802169640991",
      "type": "match",
      "time_received": "14:17:19.0078"
    },
    {
      "makerOrderId": "67419a08cf286a0007eeaf52",
      "price": "1.56366",
      "sequence": "10783802169640994",
      "side": "buy",
      "size": "0.2584",
      "symbol": "XRP-USDT",
      "takerOrderId": "6741e3eea4047b000703610c",
      "time": "1732371438955000000",
      "tradeId": "10783802169640994",
      "type": "match",
      "time_received": "14:17:19.0079"
    },
    {
      "makerOrderId": "67419dd5088f0100076e776a",
      "price": "1.56366",
      "sequence": "10783802169640997",
      "side": "buy",
      "size": "0.3326",
      "symbol": "XRP-USDT",
      "takerOrderId": "6741e3eea4047b000703610c",
      "time": "1732371438955000000",
      "tradeId": "10783802169640997",
      "type": "match",
      "time_received": "14:17:19.0079"
    },
    {
      "makerOrderId": "67419835c65bf70007d8349e",
      "price": "1.5637",
      "sequence": "10783802169641000",
      "side": "buy",
      "size": "0.4062",
      "symbol": "XRP-USDT",
      "takerOrderId": "6741e3eea4047b000703610c",
      "time": "1732371438955000000",
      "tradeId": "10783802169641000",
      "type": "match",
      "time_received": "14:17:19.0080"
    },
    {
      "makerOrderId": "67419dd537061e00070a9e19",
      "price": "1.5637",
      "sequence": "10783802169641003",
      "side": "buy",
      "size": "3.7678",
      "symbol": "XRP-USDT",
      "takerOrderId": "6741e3eea4047b000703610c",
      "time": "1732371438955000000",
      "tradeId": "10783802169641003",
      "type": "match",
      "time_received": "14:17:19.0084"
    },
    {
      "makerOrderId": "6741b5c868486d0007d55ca2",
      "price": "1.5637",
      "sequence": "10783802169641006",
      "side": "buy",
      "size": "0.6805",
      "symbol": "XRP-USDT",
      "takerOrderId": "6741e3eea4047b000703610c",
      "time": "1732371438955000000",
      "tradeId": "10783802169641006",
      "type": "match",
      "time_received": "14:17:19.0085"
    },
    {
      "makerOrderId": "6741aabff4f1200007c72d03",
      "price": "1.56373",
      "sequence": "10783802169641009",
      "side": "buy",
      "size": "49.348",
      "symbol": "XRP-USDT",
      "takerOrderId": "6741e3eea4047b000703610c",
      "time": "1732371438955000000",
      "tradeId": "10783802169641009",
      "type": "match",
      "time_received": "14:17:19.0085"
    },
    {
      "makerOrderId": "6741dcb3cf286a000767bc16",
      "price": "1.56374",
      "sequence": "10783802169641012",
      "side": "buy",
      "size": "154.9255",
      "symbol": "XRP-USDT",
      "takerOrderId": "6741e3eea4047b000703610c",
      "time": "1732371438955000000",
      "tradeId": "10783802169641012",
      "type": "match",
      "time_received": "14:17:19.0085"
    },
    {
      "makerOrderId": "6741e3efd52cb8000756e240",
      "price": "1.56316",
      "sequence": "10783802320635905",
      "side": "sell",
      "size": "262.5095",
      "symbol": "XRP-USDT",
      "takerOrderId": "6741e3eff4f120000711cc6e",
      "time": "1732371439336000000",
      "tradeId": "10783802320635905",
      "type": "match",
      "time_received": "14:17:19.3858"
    },
    {
      "makerOrderId": "6741dcb3cf286a000767bc16",
      "price": "1.56374",
      "sequence": "10783802719094785",
      "side": "buy",
      "size": "13.2249",
      "symbol": "XRP-USDT",
      "takerOrderId": "6741e3f0088f01000701468d",
      "time": "1732371440425000000",
      "tradeId": "10783802719094785",
      "type": "match",
      "time_received": "14:17:20.4740"
    },
    {
      "makerOrderId": "6741dcb3cf286a000767bc16",
      "price": "1.56374",
      "sequence": "10783802725386241",
      "side": "buy",
      "size": "10.8141",
      "symbol": "XRP-USDT",
      "takerOrderId": "6741e3f06967d300075caecf",
      "time": "1732371440434000000",
      "tradeId": "10783802725386241",
      "type": "match",
      "time_received": "14:17:20.4792"
    },
    {
      "makerOrderId": "6741dcb3cf286a000767bc16",
      "price": "1.56374",
      "sequence": "10783802726303745",
      "side": "buy",
      "size": "19.6355",
      "symbol": "XRP-USDT",
      "takerOrderId": "6741e3f04fe7460007539db6",
      "time": "1732371440435000000",
      "tradeId": "10783802726303745",
      "type": "match",
      "time_received": "14:17:20.4793"
    },
    {
      "makerOrderId": "67419b45c65bf70007ea2a4b",
      "price": "1.56378",
      "sequence": "10783802731022337",
      "side": "buy",
      "size": "1.5028",
      "symbol": "XRP-USDT",
      "takerOrderId": "6741e3f0c65bf700078c4639",
      "time": "1732371440440000000",
      "tradeId": "10783802731022337",
      "type": "match",
      "time_received": "14:17:20.4874"
    },
    {
      "makerOrderId": "67419835f4a7c500073f3e45",
      "price": "1.5638",
      "sequence": "10783802731022340",
      "side": "buy",
      "size": "0.3421",
      "symbol": "XRP-USDT",
      "takerOrderId": "6741e3f0c65bf700078c4639",
      "time": "1732371440440000000",
      "tradeId": "10783802731022340",
      "type": "match",
      "time_received": "14:17:20.4874"
    },
    {
      "makerOrderId": "674198baf15b270007487ad5",
      "price": "1.5638",
      "sequence": "10783802731022343",
      "side": "buy",
      "size": "0.8291",
      "symbol": "XRP-USDT",
      "takerOrderId": "6741e3f0c65bf700078c4639",
      "time": "1732371440440000000",
      "tradeId": "10783802731022343",
      "type": "match",
      "time_received": "14:17:20.4875"
    },
    {
      "makerOrderId": "674198badf6f6e00071baa19",
      "price": "1.5638",
      "sequence": "10783802731022346",
      "side": "buy",
      "size": "0.9634",
      "symbol": "XRP-USDT",
      "takerOrderId": "6741e3f0c65bf700078c4639",
      "time": "1732371440440000000",
      "tradeId": "10783802731022346",
      "type": "match",
      "time_received": "14:17:20.4875"
    },
    {
      "makerOrderId": "674198ba4fe7460007a298e2",
      "price": "1.5638",
      "sequence": "10783802731022349",
      "side": "buy",
      "size": "0.6828",
      "symbol": "XRP-USDT",
      "takerOrderId": "6741e3f0c65bf700078c4639",
      "time": "1732371440440000000",
      "tradeId": "10783802731022349",
      "type": "match",
      "time_received": "14:17:20.4875"
    },
    {
      "makerOrderId": "674198bacf286a0007e6ef86",
      "price": "1.5638",
      "sequence": "10783802731022352",
      "side": "buy",
      "size": "0.0949",
      "symbol": "XRP-USDT",
      "takerOrderId": "6741e3f0c65bf700078c4639",
      "time": "1732371440440000000",
      "tradeId": "10783802731022352",
      "type": "match",
      "time_received": "14:17:20.4876"
    },
    {
      "makerOrderId": "674198bacf286a0007e6ef86",
      "price": "1.5638",
      "sequence": "10783802772310017",
      "side": "buy",
      "size": "0.2317",
      "symbol": "XRP-USDT",
      "takerOrderId": "6741e3f0ae93cc0007216dd6",
      "time": "1732371440508000000",
      "tradeId": "10783802772310017",
      "type": "match",
      "time_received": "14:17:20.5580"
    },
    {
      "makerOrderId": "67419a92c5ba7400073af77a",
      "price": "1.5638",
      "sequence": "10783802772310020",
      "side": "buy",
      "size": "0.4848",
      "symbol": "XRP-USDT",
      "takerOrderId": "6741e3f0ae93cc0007216dd6",
      "time": "1732371440508000000",
      "tradeId": "10783802772310020",
      "type": "match",
      "time_received": "14:17:20.5580"
    },
    {
      "makerOrderId": "67419ddc68486d00074ff366",
      "price": "1.5638",
      "sequence": "10783802772310023",
      "side": "buy",
      "size": "0.7863",
      "symbol": "XRP-USDT",
      "takerOrderId": "6741e3f0ae93cc0007216dd6",
      "time": "1732371440508000000",
      "tradeId": "10783802772310023",
      "type": "match",
      "time_received": "14:17:20.5581"
    },
    {
      "makerOrderId": "67419a6e1586c10007503b88",
      "price": "1.56388",
      "sequence": "10783802772965377",
      "side": "buy",
      "size": "0.1293",
      "symbol": "XRP-USDT",
      "takerOrderId": "6741e3f067cdc90007a4a1ab",
      "time": "1732371440511000000",
      "tradeId": "10783802772965377",
      "type": "match",
      "time_received": "14:17:20.5581"
    },
    {
      "makerOrderId": "67419a0831d0950007dad2cc",
      "price": "1.5639",
      "sequence": "10783802772965380",
      "side": "buy",
      "size": "0.4184",
      "symbol": "XRP-USDT",
      "takerOrderId": "6741e3f067cdc90007a4a1ab",
      "time": "1732371440511000000",
      "tradeId": "10783802772965380",
      "type": "match",
      "time_received": "14:17:20.5585"
    },
    {
      "makerOrderId": "67419a930d85530007d20ea8",
      "price": "1.5639",
      "sequence": "10783802772965383",
      "side": "buy",
      "size": "1.4263",
      "symbol": "XRP-USDT",
      "takerOrderId": "6741e3f067cdc90007a4a1ab",
      "time": "1732371440511000000",
      "tradeId": "10783802772965383",
      "type": "match",
      "time_received": "14:17:20.5585"
    },
    {
      "makerOrderId": "67419b62ae93cc00077ffc88",
      "price": "1.5639",
      "sequence": "10783802772965386",
      "side": "buy",
      "size": "2.3411",
      "symbol": "XRP-USDT",
      "takerOrderId": "6741e3f067cdc90007a4a1ab",
      "time": "1732371440511000000",
      "tradeId": "10783802772965386",
      "type": "match",
      "time_received": "14:17:20.5586"
    },
    {
      "makerOrderId": "6741b05af15b270007cecdfc",
      "price": "1.56391",
      "sequence": "10783802772965389",
      "side": "buy",
      "size": "0.3634",
      "symbol": "XRP-USDT",
      "takerOrderId": "6741e3f067cdc90007a4a1ab",
      "time": "1732371440511000000",
      "tradeId": "10783802772965389",
      "type": "match",
      "time_received": "14:17:20.5586"
    },
    {
      "makerOrderId": "67419a924fe7460007ad698c",
      "price": "1.56393",
      "sequence": "10783802789218305",
      "side": "buy",
      "size": "0.3653",
      "symbol": "XRP-USDT",
      "takerOrderId": "6741e3f0f15b270007f98e8c",
      "time": "1732371440545000000",
      "tradeId": "10783802789218305",
      "type": "match",
      "time_received": "14:17:20.5977"
    },
    {
      "makerOrderId": "6741aab767cdc9000759b566",
      "price": "1.56393",
      "sequence": "10783802789218308",
      "side": "buy",
      "size": "0.4281",
      "symbol": "XRP-USDT",
      "takerOrderId": "6741e3f0f15b270007f98e8c",
      "time": "1732371440545000000",
      "tradeId": "10783802789218308",
      "type": "match",
      "time_received": "14:17:20.5980"
    },
    {
      "makerOrderId": "6741aab7b7e21a000772312e",
      "price": "1.56393",
      "sequence": "10783802789218311",
      "side": "buy",
      "size": "2.5742",
      "symbol": "XRP-USDT",
      "takerOrderId": "6741e3f0f15b270007f98e8c",
      "time": "1732371440545000000",
      "tradeId": "10783802789218311",
      "type": "match",
      "time_received": "14:17:20.5980"
    },
    {
      "makerOrderId": "6741aab70d855300072d6051",
      "price": "1.56393",
      "sequence": "10783802789218314",
      "side": "buy",
      "size": "0.8524",
      "symbol": "XRP-USDT",
      "takerOrderId": "6741e3f0f15b270007f98e8c",
      "time": "1732371440545000000",
      "tradeId": "10783802789218314",
      "type": "match",
      "time_received": "14:17:20.5981"
    },
    {
      "makerOrderId": "67419de6088f0100076efb70",
      "price": "1.56395",
      "sequence": "10783802789218317",
      "side": "buy",
      "size": "1.7993",
      "symbol": "XRP-USDT",
      "takerOrderId": "6741e3f0f15b270007f98e8c",
      "time": "1732371440545000000",
      "tradeId": "10783802789218317",
      "type": "match",
      "time_received": "14:17:20.5987"
    },
    {
      "makerOrderId": "674198bc1586c10007465497",
      "price": "1.56398",
      "sequence": "10783802789218320",
      "side": "buy",
      "size": "6.8515",
      "symbol": "XRP-USDT",
      "takerOrderId": "6741e3f0f15b270007f98e8c",
      "time": "1732371440545000000",
      "tradeId": "10783802789218320",
      "type": "match",
      "time_received": "14:17:20.5987"
    },
    {
      "makerOrderId": "67419a6ef4f12000076abcc6",
      "price": "1.564",
      "sequence": "10783802789218323",
      "side": "buy",
      "size": "5.4045",
      "symbol": "XRP-USDT",
      "takerOrderId": "6741e3f0f15b270007f98e8c",
      "time": "1732371440545000000",
      "tradeId": "10783802789218323",
      "type": "match",
      "time_received": "14:17:20.5987"
    },
    {
      "makerOrderId": "67419a70088f0100075a1f05",
      "price": "1.564",
      "sequence": "10783802789218326",
      "side": "buy",
      "size": "0.9158",
      "symbol": "XRP-USDT",
      "takerOrderId": "6741e3f0f15b270007f98e8c",
      "time": "1732371440545000000",
      "tradeId": "10783802789218326",
      "type": "match",
      "time_received": "14:17:20.5988"
    },
    {
      "makerOrderId": "67419a92f4a7c500074d14c8",
      "price": "1.564",
      "sequence": "10783802789218329",
      "side": "buy",
      "size": "1.2595",
      "symbol": "XRP-USDT",
      "takerOrderId": "6741e3f0f15b270007f98e8c",
      "time": "1732371440545000000",
      "tradeId": "10783802789218329",
      "type": "match",
      "time_received": "14:17:20.5988"
    },
    {
      "makerOrderId": "67419ddb68486d00074fea5f",
      "price": "1.564",
      "sequence": "10783802789218332",
      "side": "buy",
      "size": "5.4622",
      "symbol": "XRP-USDT",
      "takerOrderId": "6741e3f0f15b270007f98e8c",
      "time": "1732371440545000000",
      "tradeId": "10783802789218332",
      "type": "match",
      "time_received": "14:17:20.5989"
    },
    {
      "makerOrderId": "67419de3ae93cc00078f1e2b",
      "price": "1.564",
      "sequence": "10783802789218335",
      "side": "buy",
      "size": "2.7561",
      "symbol": "XRP-USDT",
      "takerOrderId": "6741e3f0f15b270007f98e8c",
      "time": "1732371440545000000",
      "tradeId": "10783802789218335",
      "type": "match",
      "time_received": "14:17:20.5989"
    },
    {
      "makerOrderId": "6741c28c4fe7460007882b59",
      "price": "1.564",
      "sequence": "10783802789218338",
      "side": "buy",
      "size": "6.7019",
      "symbol": "XRP-USDT",
      "takerOrderId": "6741e3f0f15b270007f98e8c",
      "time": "1732371440545000000",
      "tradeId": "10783802789218338",
      "type": "match",
      "time_received": "14:17:20.5989"
    },
    {
      "makerOrderId": "6741e23dae93cc000715f265",
      "price": "1.564",
      "sequence": "10783802789218341",
      "side": "buy",
      "size": "0.7044",
      "symbol": "XRP-USDT",
      "takerOrderId": "6741e3f0f15b270007f98e8c",
      "time": "1732371440545000000",
      "tradeId": "10783802789218341",
      "type": "match",
      "time_received": "14:17:20.5989"
    },
    {
      "makerOrderId": "67419a05f15b270007502c57",
      "price": "1.56403",
      "sequence": "10783802789218344",
      "side": "buy",
      "size": "0.4196",
      "symbol": "XRP-USDT",
      "takerOrderId": "6741e3f0f15b270007f98e8c",
      "time": "1732371440545000000",
      "tradeId": "10783802789218344",
      "type": "match",
      "time_received": "14:17:20.5990"
    },
    {
      "makerOrderId": "67419dd3df6f6e000739f5a8",
      "price": "1.56403",
      "sequence": "10783802789218347",
      "side": "buy",
      "size": "0.6495",
      "symbol": "XRP-USDT",
      "takerOrderId": "6741e3f0f15b270007f98e8c",
      "time": "1732371440545000000",
      "tradeId": "10783802789218347",
      "type": "match",
      "time_received": "14:17:20.5990"
    },
    {
      "makerOrderId": "6741a7d0f4a7c5000798107f",
      "price": "1.56405",
      "sequence": "10783802789218350",
      "side": "buy",
      "size": "6.4752",
      "symbol": "XRP-USDT",
      "takerOrderId": "6741e3f0f15b270007f98e8c",
      "time": "1732371440545000000",
      "tradeId": "10783802789218350",
      "type": "match",
      "time_received": "14:17:20.5991"
    },
    {
      "makerOrderId": "6741e3ecf4a7c50007f33ac9",
      "price": "1.56405",
      "sequence": "10783802789218353",
      "side": "buy",
      "size": "0.1",
      "symbol": "XRP-USDT",
      "takerOrderId": "6741e3f0f15b270007f98e8c",
      "time": "1732371440545000000",
      "tradeId": "10783802789218353",
      "type": "match",
      "time_received": "14:17:20.5993"
    },
    {
      "makerOrderId": "67419a704fe7460007ac9e2f",
      "price": "1.56408",
      "sequence": "10783802801014785",
      "side": "buy",
      "size": "0.9469",
      "symbol": "XRP-USDT",
      "takerOrderId": "6741e3f068486d0007e28e56",
      "time": "1732371440555000000",
      "tradeId": "10783802801014785",
      "type": "match",
      "time_received": "14:17:20.6119"
    },
    {
      "makerOrderId": "6741c494f15b27000738796c",
      "price": "1.56409",
      "sequence": "10783802801014788",
      "side": "buy",
      "size": "0.2709",
      "symbol": "XRP-USDT",
      "takerOrderId": "6741e3f068486d0007e28e56",
      "time": "1732371440555000000",
      "tradeId": "10783802801014788",
      "type": "match",
      "time_received": "14:17:20.6120"
    },
    {
      "makerOrderId": "6741e3f0f1bf400007ed2807",
      "price": "1.56414",
      "sequence": "10783802801014791",
      "side": "buy",
      "size": "4.8005",
      "symbol": "XRP-USDT",
      "takerOrderId": "6741e3f068486d0007e28e56",
      "time": "1732371440555000000",
      "tradeId": "10783802801014791",
      "type": "match",
      "time_received": "14:17:20.6120"
    },
    {
      "makerOrderId": "6741a7cef1bf40000791cdad",
      "price": "1.56415",
      "sequence": "10783802801014794",
      "side": "buy",
      "size": "9.9394",
      "symbol": "XRP-USDT",
      "takerOrderId": "6741e3f068486d0007e28e56",
      "time": "1732371440555000000",
      "tradeId": "10783802801014794",
      "type": "match",
      "time_received": "14:17:20.6122"
    },
    {
      "makerOrderId": "67419ddc4fe7460007c12bf5",
      "price": "1.56416",
      "sequence": "10783802801014797",
      "side": "buy",
      "size": "1.373",
      "symbol": "XRP-USDT",
      "takerOrderId": "6741e3f068486d0007e28e56",
      "time": "1732371440555000000",
      "tradeId": "10783802801014797",
      "type": "match",
      "time_received": "14:17:20.6123"
    },
    {
      "makerOrderId": "67419dd5088f0100076e7207",
      "price": "1.56417",
      "sequence": "10783802801014800",
      "side": "buy",
      "size": "0.3912",
      "symbol": "XRP-USDT",
      "takerOrderId": "6741e3f068486d0007e28e56",
      "time": "1732371440555000000",
      "tradeId": "10783802801014800",
      "type": "match",
      "time_received": "14:17:20.6123"
    },
    {
      "makerOrderId": "67419dd3f4a7c50007608c8b",
      "price": "1.56419",
      "sequence": "10783802801014803",
      "side": "buy",
      "size": "31.4625",
      "symbol": "XRP-USDT",
      "takerOrderId": "6741e3f068486d0007e28e56",
      "time": "1732371440555000000",
      "tradeId": "10783802801014803",
      "type": "match",
      "time_received": "14:17:20.6123"
    },
    {
      "makerOrderId": "67419a47c5ba740007393eda",
      "price": "1.5642",
      "sequence": "10783802801014806",
      "side": "buy",
      "size": "0.9738",
      "symbol": "XRP-USDT",
      "takerOrderId": "6741e3f068486d0007e28e56",
      "time": "1732371440555000000",
      "tradeId": "10783802801014806",
      "type": "match",
      "time_received": "14:17:20.6124"
    },
    {
      "makerOrderId": "6741a7dcc65bf70007314db1",
      "price": "1.5642",
      "sequence": "10783802801014809",
      "side": "buy",
      "size": "38.2087",
      "symbol": "XRP-USDT",
      "takerOrderId": "6741e3f068486d0007e28e56",
      "time": "1732371440555000000",
      "tradeId": "10783802801014809",
      "type": "match",
      "time_received": "14:17:20.6124"
    },
    {
      "makerOrderId": "6741a7ce68486d0007871c75",
      "price": "1.56421",
      "sequence": "10783802801014812",
      "side": "buy",
      "size": "0.6901",
      "symbol": "XRP-USDT",
      "takerOrderId": "6741e3f068486d0007e28e56",
      "time": "1732371440555000000",
      "tradeId": "10783802801014812",
      "type": "match",
      "time_received": "14:17:20.6124"
    },
    {
      "makerOrderId": "6741a7cedf6f6e0007716857",
      "price": "1.56421",
      "sequence": "10783802801014815",
      "side": "buy",
      "size": "0.3488",
      "symbol": "XRP-USDT",
      "takerOrderId": "6741e3f068486d0007e28e56",
      "time": "1732371440555000000",
      "tradeId": "10783802801014815",
      "type": "match",
      "time_received": "14:17:20.6124"
    },
    {
      "makerOrderId": "6741a7cef4f1200007b67022",
      "price": "1.56421",
      "sequence": "10783802801014818",
      "side": "buy",
      "size": "0.6213",
      "symbol": "XRP-USDT",
      "takerOrderId": "6741e3f068486d0007e28e56",
      "time": "1732371440555000000",
      "tradeId": "10783802801014818",
      "type": "match",
      "time_received": "14:17:20.6140"
    },
    {
      "makerOrderId": "6741a7cfcf286a00073caad6",
      "price": "1.56421",
      "sequence": "10783802801014821",
      "side": "buy",
      "size": "0.8635",
      "symbol": "XRP-USDT",
      "takerOrderId": "6741e3f068486d0007e28e56",
      "time": "1732371440555000000",
      "tradeId": "10783802801014821",
      "type": "match",
      "time_received": "14:17:20.6141"
    },
    {
      "makerOrderId": "6741a7cfd52cb80007fb81c2",
      "price": "1.56421",
      "sequence": "10783802801014824",
      "side": "buy",
      "size": "0.3881",
      "symbol": "XRP-USDT",
      "takerOrderId": "6741e3f068486d0007e28e56",
      "time": "1732371440555000000",
      "tradeId": "10783802801014824",
      "type": "match",
      "time_received": "14:17:20.6141"
    },
    {
      "makerOrderId": "6741a7cf67cdc900074948d1",
      "price": "1.56421",
      "sequence": "10783802801014827",
      "side": "buy",
      "size": "0.6906",
      "symbol": "XRP-USDT",
      "takerOrderId": "6741e3f068486d0007e28e56",
      "time": "1732371440555000000",
      "tradeId": "10783802801014827",
      "type": "match",
      "time_received": "14:17:20.6142"
    },
    {
      "makerOrderId": "6741a7d05e98e00007b9f04a",
      "price": "1.56421",
      "sequence": "10783802801014830",
      "side": "buy",
      "size": "1.539",
      "symbol": "XRP-USDT",
      "takerOrderId": "6741e3f068486d0007e28e56",
      "time": "1732371440555000000",
      "tradeId": "10783802801014830",
      "type": "match",
      "time_received": "14:17:20.6142"
    },
    {
      "makerOrderId": "67419a92cf286a0007f1c178",
      "price": "1.56422",
      "sequence": "10783802801014833",
      "side": "buy",
      "size": "0.2892",
      "symbol": "XRP-USDT",
      "takerOrderId": "6741e3f068486d0007e28e56",
      "time": "1732371440555000000",
      "tradeId": "10783802801014833",
      "type": "match",
      "time_received": "14:17:20.6142"
    },
    {
      "makerOrderId": "6741c435ae93cc00075e1202",
      "price": "1.56423",
      "sequence": "10783802801014836",
      "side": "buy",
      "size": "0.3873",
      "symbol": "XRP-USDT",
      "takerOrderId": "6741e3f068486d0007e28e56",
      "time": "1732371440555000000",
      "tradeId": "10783802801014836",
      "type": "match",
      "time_received": "14:17:20.6142"
    },
    {
      "makerOrderId": "67419a05df6f6e0007235932",
      "price": "1.56424",
      "sequence": "10783802801014839",
      "side": "buy",
      "size": "0.2139",
      "symbol": "XRP-USDT",
      "takerOrderId": "6741e3f068486d0007e28e56",
      "time": "1732371440555000000",
      "tradeId": "10783802801014839",
      "type": "match",
      "time_received": "14:17:20.6143"
    },
    {
      "makerOrderId": "67419771f4a7c500073a9e59",
      "price": "1.56425",
      "sequence": "10783802801014842",
      "side": "buy",
      "size": "0.7163",
      "symbol": "XRP-USDT",
      "takerOrderId": "6741e3f068486d0007e28e56",
      "time": "1732371440555000000",
      "tradeId": "10783802801014842",
      "type": "match",
      "time_received": "14:17:20.6143"
    },
    {
      "makerOrderId": "67419a93f1bf40000746f029",
      "price": "1.56425",
      "sequence": "10783802801014845",
      "side": "buy",
      "size": "0.1195",
      "symbol": "XRP-USDT",
      "takerOrderId": "6741e3f068486d0007e28e56",
      "time": "1732371440555000000",
      "tradeId": "10783802801014845",
      "type": "match",
      "time_received": "14:17:20.6143"
    },
    {
      "makerOrderId": "6741d4c168486d000782717e",
      "price": "1.56426",
      "sequence": "10783802801014848",
      "side": "buy",
      "size": "0.2851",
      "symbol": "XRP-USDT",
      "takerOrderId": "6741e3f068486d0007e28e56",
      "time": "1732371440555000000",
      "tradeId": "10783802801014848",
      "type": "match",
      "time_received": "14:17:20.6144"
    },
    {
      "makerOrderId": "6741d777c65bf700073cc918",
      "price": "1.56426",
      "sequence": "10783802801014851",
      "side": "buy",
      "size": "0.5679",
      "symbol": "XRP-USDT",
      "takerOrderId": "6741e3f068486d0007e28e56",
      "time": "1732371440555000000",
      "tradeId": "10783802801014851",
      "type": "match",
      "time_received": "14:17:20.6151"
    },
    {
      "makerOrderId": "6741e0ebf1bf400007d89148",
      "price": "1.56426",
      "sequence": "10783802801014854",
      "side": "buy",
      "size": "0.1793",
      "symbol": "XRP-USDT",
      "takerOrderId": "6741e3f068486d0007e28e56",
      "time": "1732371440555000000",
      "tradeId": "10783802801014854",
      "type": "match",
      "time_received": "14:17:20.6151"
    },
    {
      "makerOrderId": "6741e14231d095000771dc39",
      "price": "1.56426",
      "sequence": "10783802801014857",
      "side": "buy",
      "size": "5.6727",
      "symbol": "XRP-USDT",
      "takerOrderId": "6741e3f068486d0007e28e56",
      "time": "1732371440555000000",
      "tradeId": "10783802801014857",
      "type": "match",
      "time_received": "14:17:20.6151"
    },
    {
      "makerOrderId": "67419a70088f0100075a1fb7",
      "price": "1.56427",
      "sequence": "10783802801014860",
      "side": "buy",
      "size": "0.5001",
      "symbol": "XRP-USDT",
      "takerOrderId": "6741e3f068486d0007e28e56",
      "time": "1732371440555000000",
      "tradeId": "10783802801014860",
      "type": "match",
      "time_received": "14:17:20.6152"
    },
    {
      "makerOrderId": "67419a7067cdc90007fd94c7",
      "price": "1.56427",
      "sequence": "10783802801014863",
      "side": "buy",
      "size": "0.674",
      "symbol": "XRP-USDT",
      "takerOrderId": "6741e3f068486d0007e28e56",
      "time": "1732371440555000000",
      "tradeId": "10783802801014863",
      "type": "match",
      "time_received": "14:17:20.6152"
    },
    {
      "makerOrderId": "6741975ed52cb800079daf12",
      "price": "1.56428",
      "sequence": "10783802801014866",
      "side": "buy",
      "size": "0.7779",
      "symbol": "XRP-USDT",
      "takerOrderId": "6741e3f068486d0007e28e56",
      "time": "1732371440555000000",
      "tradeId": "10783802801014866",
      "type": "match",
      "time_received": "14:17:20.6152"
    },
    {
      "makerOrderId": "67419a934fe7460007ad6e6c",
      "price": "1.56428",
      "sequence": "10783802801014869",
      "side": "buy",
      "size": "0.4071",
      "symbol": "XRP-USDT",
      "takerOrderId": "6741e3f068486d0007e28e56",
      "time": "1732371440555000000",
      "tradeId": "10783802801014869",
      "type": "match",
      "time_received": "14:17:20.6152"
    },
    {
      "makerOrderId": "67419a930d85530007d20f1b",
      "price": "1.56428",
      "sequence": "10783802801014872",
      "side": "buy",
      "size": "2.8244",
      "symbol": "XRP-USDT",
      "takerOrderId": "6741e3f068486d0007e28e56",
      "time": "1732371440555000000",
      "tradeId": "10783802801014872",
      "type": "match",
      "time_received": "14:17:20.6152"
    },
    {
      "makerOrderId": "67419dd3cf286a0007053ee8",
      "price": "1.56428",
      "sequence": "10783802801014875",
      "side": "buy",
      "size": "0.5134",
      "symbol": "XRP-USDT",
      "takerOrderId": "6741e3f068486d0007e28e56",
      "time": "1732371440555000000",
      "tradeId": "10783802801014875",
      "type": "match",
      "time_received": "14:17:20.6153"
    },
    {
      "makerOrderId": "67419774cf286a0007df59fb",
      "price": "1.5643",
      "sequence": "10783802801014878",
      "side": "buy",
      "size": "3.283",
      "symbol": "XRP-USDT",
      "takerOrderId": "6741e3f068486d0007e28e56",
      "time": "1732371440555000000",
      "tradeId": "10783802801014878",
      "type": "match",
      "time_received": "14:17:20.6153"
    },
    {
      "makerOrderId": "6741988cdf6f6e00071a9544",
      "price": "1.5643",
      "sequence": "10783802801014881",
      "side": "buy",
      "size": "0.1215",
      "symbol": "XRP-USDT",
      "takerOrderId": "6741e3f068486d0007e28e56",
      "time": "1732371440555000000",
      "tradeId": "10783802801014881",
      "type": "match",
      "time_received": "14:17:20.6153"
    },
    {
      "makerOrderId": "67419b47f1bf4000074b19e9",
      "price": "1.56432",
      "sequence": "10783802801014884",
      "side": "buy",
      "size": "0.338",
      "symbol": "XRP-USDT",
      "takerOrderId": "6741e3f068486d0007e28e56",
      "time": "1732371440555000000",
      "tradeId": "10783802801014884",
      "type": "match",
      "time_received": "14:17:20.6154"
    },
    {
      "makerOrderId": "67419b471586c1000755453b",
      "price": "1.56432",
      "sequence": "10783802801014887",
      "side": "buy",
      "size": "0.176",
      "symbol": "XRP-USDT",
      "takerOrderId": "6741e3f068486d0007e28e56",
      "time": "1732371440555000000",
      "tradeId": "10783802801014887",
      "type": "match",
      "time_received": "14:17:20.6158"
    },
    {
      "makerOrderId": "67419b47f4f12000076fc30d",
      "price": "1.56432",
      "sequence": "10783802801014890",
      "side": "buy",
      "size": "0.5702",
      "symbol": "XRP-USDT",
      "takerOrderId": "6741e3f068486d0007e28e56",
      "time": "1732371440555000000",
      "tradeId": "10783802801014890",
      "type": "match",
      "time_received": "14:17:20.6158"
    },
    {
      "makerOrderId": "67419b4731d0950007e21372",
      "price": "1.56432",
      "sequence": "10783802801014893",
      "side": "buy",
      "size": "1.0491",
      "symbol": "XRP-USDT",
      "takerOrderId": "6741e3f068486d0007e28e56",
      "time": "1732371440555000000",
      "tradeId": "10783802801014893",
      "type": "match",
      "time_received": "14:17:20.6159"
    },
    {
      "makerOrderId": "67419b47f15b270007577db6",
      "price": "1.56432",
      "sequence": "10783802801014896",
      "side": "buy",
      "size": "2.7742",
      "symbol": "XRP-USDT",
      "takerOrderId": "6741e3f068486d0007e28e56",
      "time": "1732371440555000000",
      "tradeId": "10783802801014896",
      "type": "match",
      "time_received": "14:17:20.6159"
    },
    {
      "makerOrderId": "67419b47f1bf4000074b1ad0",
      "price": "1.56432",
      "sequence": "10783802801014899",
      "side": "buy",
      "size": "0.2731",
      "symbol": "XRP-USDT",
      "takerOrderId": "6741e3f068486d0007e28e56",
      "time": "1732371440555000000",
      "tradeId": "10783802801014899",
      "type": "match",
      "time_received": "14:17:20.6159"
    },
    {
      "makerOrderId": "67419a70f1bf40000746207c",
      "price": "1.56433",
      "sequence": "10783802801014902",
      "side": "buy",
      "size": "1.7169",
      "symbol": "XRP-USDT",
      "takerOrderId": "6741e3f068486d0007e28e56",
      "time": "1732371440555000000",
      "tradeId": "10783802801014902",
      "type": "match",
      "time_received": "14:17:20.6159"
    },
    {
      "makerOrderId": "6741cc27cf286a00070032c7",
      "price": "1.56435",
      "sequence": "10783802801014905",
      "side": "buy",
      "size": "300",
      "symbol": "XRP-USDT",
      "takerOrderId": "6741e3f068486d0007e28e56",
      "time": "1732371440555000000",
      "tradeId": "10783802801014905",
      "type": "match",
      "time_received": "14:17:20.6160"
    },
    {
      "makerOrderId": "6741975df4f1200007589cfb",
      "price": "1.56436",
      "sequence": "10783802801014908",
      "side": "buy",
      "size": "1.0206",
      "symbol": "XRP-USDT",
      "takerOrderId": "6741e3f068486d0007e28e56",
      "time": "1732371440555000000",
      "tradeId": "10783802801014908",
      "type": "match",
      "time_received": "14:17:20.6160"
    },
    {
      "makerOrderId": "67419a70c65bf70007e540db",
      "price": "1.56438",
      "sequence": "10783802801014911",
      "side": "buy",
      "size": "19.7439",
      "symbol": "XRP-USDT",
      "takerOrderId": "6741e3f068486d0007e28e56",
      "time": "1732371440555000000",
      "tradeId": "10783802801014911",
      "type": "match",
      "time_received": "14:17:20.6160"
    },
    {
      "makerOrderId": "67419835df6f6e000718a817",
      "price": "1.5644",
      "sequence": "10783802801014914",
      "side": "buy",
      "size": "0.2245",
      "symbol": "XRP-USDT",
      "takerOrderId": "6741e3f068486d0007e28e56",
      "time": "1732371440555000000",
      "tradeId": "10783802801014914",
      "type": "match",
      "time_received": "14:17:20.6160"
    },
    {
      "makerOrderId": "6741977468486d000729cbc2",
      "price": "1.56442",
      "sequence": "10783802801014917",
      "side": "buy",
      "size": "0.8201",
      "symbol": "XRP-USDT",
      "takerOrderId": "6741e3f068486d0007e28e56",
      "time": "1732371440555000000",
      "tradeId": "10783802801014917",
      "type": "match",
      "time_received": "14:17:20.6161"
    },
    {
      "makerOrderId": "67419a04c5ba74000737cdff",
      "price": "1.56443",
      "sequence": "10783802801014920",
      "side": "buy",
      "size": "14.6778",
      "symbol": "XRP-USDT",
      "takerOrderId": "6741e3f068486d0007e28e56",
      "time": "1732371440555000000",
      "tradeId": "10783802801014920",
      "type": "match",
      "time_received": "14:17:20.6161"
    },
    {
      "makerOrderId": "67419a9131d0950007dddf7a",
      "price": "1.56445",
      "sequence": "10783802801014923",
      "side": "buy",
      "size": "0.2932",
      "symbol": "XRP-USDT",
      "takerOrderId": "6741e3f068486d0007e28e56",
      "time": "1732371440555000000",
      "tradeId": "10783802801014923",
      "type": "match",
      "time_received": "14:17:20.6161"
    },
    {
      "makerOrderId": "6741e3f0ae93cc0007217005",
      "price": "1.56444",
      "sequence": "10783802936412161",
      "side": "buy",
      "size": "1034.3593",
      "symbol": "XRP-USDT",
      "takerOrderId": "6741e3f0f4a7c50007f35846",
      "time": "1732371440669000000",
      "tradeId": "10783802936412161",
      "type": "match",
      "time_received": "14:17:20.7192"
    },
    {
      "makerOrderId": "6741e3f0ae93cc0007217005",
      "price": "1.56444",
      "sequence": "10783802950305793",
      "side": "buy",
      "size": "33.3665",
      "symbol": "XRP-USDT",
      "takerOrderId": "6741e3f068486d0007e290cf",
      "time": "1732371440691000000",
      "tradeId": "10783802950305793",
      "type": "match",
      "time_received": "14:17:20.7410"
    },
    {
      "makerOrderId": "67419a70df6f6e000725b220",
      "price": "1.56448",
      "sequence": "10783802950305796",
      "side": "buy",
      "size": "0.4253",
      "symbol": "XRP-USDT",
      "takerOrderId": "6741e3f068486d0007e290cf",
      "time": "1732371440691000000",
      "tradeId": "10783802950305796",
      "type": "match",
      "time_received": "14:17:20.7413"
    },
    {
      "makerOrderId": "6741a7d1b7e21a000761dada",
      "price": "1.56449",
      "sequence": "10783802950305799",
      "side": "buy",
      "size": "0.5995",
      "symbol": "XRP-USDT",
      "takerOrderId": "6741e3f068486d0007e290cf",
      "time": "1732371440691000000",
      "tradeId": "10783802950305799",
      "type": "match",
      "time_received": "14:17:20.7413"
    },
    {
      "makerOrderId": "6741e3f0f15b270007f994db",
      "price": "1.56452",
      "sequence": "10783803131316225",
      "side": "sell",
      "size": "6.4072",
      "symbol": "XRP-USDT",
      "takerOrderId": "6741e3f0f4f120000711daf3",
      "time": "1732371440948000000",
      "tradeId": "10783803131316225",
      "type": "match",
      "time_received": "14:17:20.9980"
    },
    {
      "makerOrderId": "6741e3f0df6f6e0007ccca49",
      "price": "1.56449",
      "sequence": "10783803131840513",
      "side": "sell",
      "size": "497.8699",
      "symbol": "XRP-USDT",
      "takerOrderId": "6741e3f037061e00079d3e36",
      "time": "1732371440949000000",
      "tradeId": "10783803131840513",
      "type": "match",
      "time_received": "14:17:20.9981"
    },
    {
      "makerOrderId": "6741e3f067cdc90007a4a881",
      "price": "1.5645",
      "sequence": "10783803163822081",
      "side": "sell",
      "size": "6.3853",
      "symbol": "XRP-USDT",
      "takerOrderId": "6741e3f11586c10007f77296",
      "time": "1732371441031000000",
      "tradeId": "10783803163822081",
      "type": "match",
      "time_received": "14:17:21.0812"
    },
    {
      "makerOrderId": "6741e3f10d85530007785285",
      "price": "1.56452",
      "sequence": "10783803294763009",
      "side": "sell",
      "size": "270.9056",
      "symbol": "XRP-USDT",
      "takerOrderId": "6741e3f1f4f120000711de14",
      "time": "1732371441294000000",
      "tradeId": "10783803294763009",
      "type": "match",
      "time_received": "14:17:21.3404"
    },
    {
      "makerOrderId": "6741e3f10d85530007785285",
      "price": "1.56452",
      "sequence": "10783803335133185",
      "side": "sell",
      "size": "180.7103",
      "symbol": "XRP-USDT",
      "takerOrderId": "6741e3f11586c10007f775fa",
      "time": "1732371441406000000",
      "tradeId": "10783803335133185",
      "type": "match",
      "time_received": "14:17:21.4559"
    },
    {
      "makerOrderId": "6741e3f1d52cb8000756f487",
      "price": "1.56452",
      "sequence": "10783803335133188",
      "side": "sell",
      "size": "85.9092",
      "symbol": "XRP-USDT",
      "takerOrderId": "6741e3f11586c10007f775fa",
      "time": "1732371441406000000",
      "tradeId": "10783803335133188",
      "type": "match",
      "time_received": "14:17:21.4560"
    },
    {
      "makerOrderId": "6741e3f267cdc90007a4b245",
      "price": "1.56436",
      "sequence": "10783803634108417",
      "side": "buy",
      "size": "708.75",
      "symbol": "XRP-USDT",
      "takerOrderId": "6741e3f24fe746000753af76",
      "time": "1732371442188000000",
      "tradeId": "10783803634108417",
      "type": "match",
      "time_received": "14:17:22.2371"
    },
    {
      "makerOrderId": "6741d002f1bf4000076e5efd",
      "price": "1.56453",
      "sequence": "10783803638958081",
      "side": "buy",
      "size": "0.7403",
      "symbol": "XRP-USDT",
      "takerOrderId": "6741e3f2088f010007015860",
      "time": "1732371442195000000",
      "tradeId": "10783803638958081",
      "type": "match",
      "time_received": "14:17:22.2453"
    },
    {
      "makerOrderId": "67419a0868486d0007392042",
      "price": "1.56454",
      "sequence": "10783803638958084",
      "side": "buy",
      "size": "0.4309",
      "symbol": "XRP-USDT",
      "takerOrderId": "6741e3f2088f010007015860",
      "time": "1732371442195000000",
      "tradeId": "10783803638958084",
      "type": "match",
      "time_received": "14:17:22.2455"
    },
    {
      "makerOrderId": "67419a1467cdc90007fb925a",
      "price": "1.56457",
      "sequence": "10783803638958087",
      "side": "buy",
      "size": "3.5557",
      "symbol": "XRP-USDT",
      "takerOrderId": "6741e3f2088f010007015860",
      "time": "1732371442195000000",
      "tradeId": "10783803638958087",
      "type": "match",
      "time_received": "14:17:22.2456"
    },
    {
      "makerOrderId": "6741a7d1088f010007a5e85b",
      "price": "1.56457",
      "sequence": "10783803638958090",
      "side": "buy",
      "size": "28.1703",
      "symbol": "XRP-USDT",
      "takerOrderId": "6741e3f2088f010007015860",
      "time": "1732371442195000000",
      "tradeId": "10783803638958090",
      "type": "match",
      "time_received": "14:17:22.2456"
    },
    {
      "makerOrderId": "6741a211cf286a00071d283e",
      "price": "1.56458",
      "sequence": "10783804027062273",
      "side": "buy",
      "size": "0.1882",
      "symbol": "XRP-USDT",
      "takerOrderId": "6741e3f3df6f6e0007ccde47",
      "time": "1732371443027000000",
      "tradeId": "10783804027062273",
      "type": "match",
      "time_received": "14:17:23.0758"
    },
    {
      "makerOrderId": "6741a211cf286a00071d283e",
      "price": "1.56458",
      "sequence": "10783804034271233",
      "side": "buy",
      "size": "0.0904",
      "symbol": "XRP-USDT",
      "takerOrderId": "6741e3f3088f010007015f6d",
      "time": "1732371443036000000",
      "tradeId": "10783804034271233",
      "type": "match",
      "time_received": "14:17:23.0836"
    },
    {
      "makerOrderId": "6741e3f3ae93cc000721862b",
      "price": "1.56458",
      "sequence": "10783804034271236",
      "side": "buy",
      "size": "1280.3168",
      "symbol": "XRP-USDT",
      "takerOrderId": "6741e3f3088f010007015f6d",
      "time": "1732371443036000000",
      "tradeId": "10783804034271236",
      "type": "match",
      "time_received": "14:17:23.0837"
    },
    {
      "makerOrderId": "674197744fe74600079b0362",
      "price": "1.5646",
      "sequence": "10783804038596609",
      "side": "buy",
      "size": "0.3399",
      "symbol": "XRP-USDT",
      "takerOrderId": "6741e3f3f1bf400007ed3fce",
      "time": "1732371443041000000",
      "tradeId": "10783804038596609",
      "type": "match",
      "time_received": "14:17:23.0913"
    },
    {
      "makerOrderId": "674198c6f1bf4000073c6c9f",
      "price": "1.5646",
      "sequence": "10783804038596612",
      "side": "buy",
      "size": "10.2515",
      "symbol": "XRP-USDT",
      "takerOrderId": "6741e3f3f1bf400007ed3fce",
      "time": "1732371443041000000",
